2422 3944
130 189 173 256 68
563 188 585 244 Ι.
604 185 718 241 Gruteri

133 343 197 400 eius
226 347 255 399 et
283 338 418 399 doctrina
444 343 608 415 merentur,
639 335 667 395 h.
696 355 721 396 e.
749 337 781 395 in
808 336 939 413 pectoris
965 337 1028 396 mei
1060 335 1155 398 veluti

132 427 278 509 penetrali
301 427 400 488 locum
424 425 558 486 obtinere
581 423 680 505 talem,
703 425 820 503 qualem
844 426 879 505 ii,
909 441 985 502 quos
1007 423 1155 487 habemus

132 518 218 599 plane
243 520 274 577 in
297 515 422 577 deliciis.
454 514 498 574 Eo
522 520 554 575 ut
572 531 651 574 nunc
671 513 775 574 saltem
794 520 952 574 contentus
970 514 1013 573 sit
1030 532 1154 595 quaeso,

132 614 378 687 compensaturus
407 603 524 684 culpam
552 605 699 682 scriptura
726 601 874 663 uberiore.
923 600 1030 662 Eidem
1062 605 1155 664 etiam

132 697 247 757 indices
270 695 340 756 licet
362 693 399 754 de
423 693 535 772 nuptiis
558 693 670 752 nostris
693 691 788 770 deque
811 690 1077 773 Inscriptionibus,
1101 692 1156 754 sed

133 789 174 846 ita
202 791 316 865 tamen,
348 789 381 842 ut
408 781 483 842 nihil
506 783 569 860 ipse
598 779 693 841 abeo
721 787 833 862 petam3
865 786 981 840 tantum
1008 781 1155 861 quicquid

133 874 212 934 ultro
236 873 440 952 imputaverit,
467 869 639 930 habiturum
667 871 767 948 magui
793 868 933 930 beneficii
955 868 1030 930 loco.
1076 869 1157 952 Vale,

133 964 176 1022 mi
199 964 292 1022 amice
316 978 432 1042 magne,
455 966 485 1019 et
504 959 582 1019 salve
601 977 669 1020 cum
688 959 738 1018 illo
757 966 922 1020 tuo-meo
940 956 1014 1019 Duo.
1034 957 1156 1040 Gentili,

135 1053 220 1111 cuius
244 1050 378 1130 quotidie
403 1047 526 1110 Colerus
554 1055 584 1108 et
612 1066 665 1127 ego
694 1049 886 1108 meminimus
913 1046 1093 1130 honorifice,
1116 1042 1157 1132 {ut

133 1139 226 1200 dccet.

179 1245 457 1325 lleidelhergae,
482 1243 529 1304 die
555 1239 607 1306 12.
623 1242 721 1303 Martii
742 1239 836 1305 1601.

499 1349 613 1430 Vester,
637 1351 663 1409 si
687 1368 768 1430 suus,
791 1350 898 1410 lanus
921 1347 1112 1413 Gruterus,

138 1576 189 1646 52.
216 1578 316 1646 Ianus
341 1576 502 1644 Gruterus
525 1576 669 1663 Scipioni
689 1575 820 1661 (mutili,
844 1575 995 1645 Guuravlo
1012 1575 1157 1645 Ritters

520 1664 615 1733 husin
639 1665 700 1732 sel.
723 1664 769 1753 pl.

136 1751 403 1820 Heidelbergee.
906 1755 947 1806 18.
965 1750 1055 1821 April.
1077 1757 1158 1809 1601.

203 1846 241 1908 Et
263 1849 390 1908 iunctim
415 1846 535 1925 quidem
558 1846 715 1927 compello,
742 1865 803 1907 non
830 1854 864 1907 ut
891 1849 990 1907 statim
1013 1848 1157 1928 expediar

139 1944 168 1998 et
192 1937 265 1997 duos
290 1935 380 1996 veluti
404 1954 463 1997 uua
481 1935 579 1996 fidelia
597 1938 736 2017 parietes,
758 1935 852 1996 multo
870 1938 980 2018 minuS,
1003 1936 1084 2017 quod
1104 1956 1157 1998 vos

138 2029 179 2086 ita
202 2026 277 2085 mihi
299 2023 386 2106 viles,
414 2043 486 2085 auro
510 2026 591 2084 omui
614 2044 647 2085 ac
671 2027 796 2104 gemmis
820 2027 964 2106 cariores,
994 2025 1048 2086 sed
1075 2026 1157 2105 quod

137 2115 223 2176 aliter
246 2121 424 2194 peccaturus
448 2113 549 2174 videar
571 2116 603 2174 iu
621 2116 820 2175 arctissimam
837 2121 967 2175 vestram
986 2116 1156 2196 amicitiam,

139 2222 212 2283 quae
230 2222 283 2263 vos
302 2206 343 2264 ita
361 2203 516 2284 implicuit,
535 2203 748 2282 conglutinavit
765 2204 1009 2284 permiscuitque,
1029 2212 1064 2264 ut
1081 2204 1157 2265 alter

137 2294 214 2354 adiri
236 2311 297 2354 nou
319 2295 415 2372 possit
439 2295 503 2353 sine
522 2291 623 2353 altero.
656 2292 766 2353 Mensis
789 2299 836 2353 est
859 2299 889 2352 et
907 2291 1034 2371 amplius
1052 2293 1156 2374 multo,

139 2383 217 2462 quod
242 2401 310 2442 cum
332 2381 485 2442 tabellario
505 2389 642 2462 vestrate,
666 2384 717 2460 qui
735 2381 802 2441 heic
820 2383 899 2442 iusto
919 2381 1031 2443 diutius
1050 2381 1157 2463 haesit,

139 2471 303 2532 scriberem
325 2471 410 2531 vobis
433 2489 482 2531 res
504 2489 586 2530 meas
614 2470 689 2530 inihi
712 2489 793 2552 esse,
825 2477 859 2532 ut
886 2473 995 2531 iterum
1015 2470 1156 2551 'nuptiale

139 2559 212 2620 illud
235 2579 316 2620 mare
344 2567 499 2620 tentarem.
545 2558 582 2619 Et
605 2561 646 2620 ita
674 2578 744 2620 sane
771 2568 826 2620 est.
871 2559 973 2638 ltaque
996 2567 1030 2622 ut
1052 2562 1156 2640 paucis

138 2647 232 2708 multa
259 2648 367 2708 dicam:
400 2667 455 2727 ego
484 2656 513 2709 et
537 2667 644 2727 sponsa
671 2667 738 2708 mea
760 2667 813 2708 vos
842 2651 874 2708 in
897 2651 1009 2727 optima
1031 2666 1156 2728 prorsus

140 2737 234 2797 forma
257 2739 383 2798 invitant
405 2737 597 2816 alliciuntque
617 2737 652 2797 ad
672 2737 752 2798 diem
771 2736 851 2797 illam
869 2744 1003 2798 nostram
1020 2738 1157 2800 decreto·

139 2828 215 2886 riam
233 2825 293 2886 ΧΠ.
312 2820 435 2907 Maii⁸³³,
458 2828 503 2886 uti
520 2834 591 2887 tuuc
610 2827 775 2905 dignemini
797 2845 851 2906 pro
871 2845 914 2908 ea,
933 2845 992 2906 qua
1009 2845 1059 2887 me
1077 2826 1157 2888 ultro

140 2915 372 2994 complectimini
394 2915 609 2996 benevolentia,
640 2934 740 2976 coram
763 2915 957 2977 cohonestare
980 2934 1035 2976 nos
1059 2922 1159 2978 vestra

141 3003 307 3065 desiderata
329 3005 506 3083 praesentia.
551 3002 637 3074 Quod
661 3006 688 3065 si
709 3004 786 3065 ullae
813 3023 961 3086 remorae,
989 3005 1070 3084 quod
1096 3023 1159 3066 uon

141 3099 202 3152 tam
225 3111 313 3172 spero
333 3109 422 3171 quam
439 3097 549 3172 metuo,
571 3095 785 3155 intervenerint
806 3096 850 3155 sic
869 3111 992 3174 quoque,
1005 3112 1043 3156 ex
1060 3101 1159 3156 traus-

140 3198 236 3262 verso,
263 3188 293 3243 at
315 3181 372 3240 hoc
400 3197 470 3240 sane
498 3199 710 3260 usquequaque
737 3186 931 3262 impetremus
955 3202 971 3242 a
994 3182 1095 3266 vobis,
1125 3192 1160 3246 ut

140 3269 267 3329 vicarios
290 3274 406 3330 vestros
425 3267 575 3348 ablegetis.
609 3271 680 3331 Scin
699 3270 796 3350 quos?
819 3271 954 3352 Optimos
972 3274 1119 3333 maximos
1141 3293 1159 3334 a

140 3354 235 3416 Musis
263 3363 293 3418 et
320 3355 430 3417 Gratiis
458 3358 550 3420 iactos
578 3360 736 3438 fictosque:
767 3360 999 3442 Epigrammata,
1026 3363 1159 3445 inquam,

142 3451 249 3526 vestra,
272 3463 346 3525 quae
366 3447 427 3507 oris
445 3451 546 3529 vestri,
569 3451 659 3509 immo
678 3449 778 3511 hercle
795 3453 890 3529 magis
905 3452 1035 3529 pectoris
1054 3452 1160 3531 imagi·

141 3551 211 3594 nem
234 3534 271 3596 ad
293 3537 393 3595 vivum
415 3545 647 3621 repraesentent,
670 3537 762 3599 veluti
785 3541 811 3600 si
833 3538 933 3600 tabula
951 3547 1052 3602 essent
1070 3539 1161 3604 lineis
