2422 3944
88 189 137 255 24
194 146 197 152 Ι
295 255 297 259 ,
436 187 505 244 Eob.
524 185 608 244 Hesai
626 184 764 258 epistolae

92 342 247 403 molestior
270 358 336 401 esse
355 340 497 420 desinam,
521 341 631 418 optime
649 339 836 420 Hieronymo.
870 341 1057 422 Quamquam
1076 344 1113 405 ad

92 432 166 492 haec
193 431 314 492 interim
343 428 453 509 officia,
486 427 593 516 quibus
621 446 669 489 me
698 447 869 511 conservas,
901 438 931 491 et
958 449 1032 511 opes
1056 432 1114 495 tibi

94 522 211 602 adesse,
238 519 371 581 animum
398 519 487 578 etiam
515 526 672 598 superesse
701 525 783 579 certo
811 521 882 580 scio.
928 519 999 581 Peto
1029 539 1113 585 nunc

94 629 221 692 quoque,
238 616 273 671 ut
291 626 384 669 unum
402 609 590 667 victoriatum
607 608 717 688 mittas,
741 626 798 686 quo
818 626 872 687 ego
896 610 928 669 in
946 608 1113 673 domestica

92 718 126 760 rc
144 717 225 760 nuuc
243 697 376 778 indige03
398 698 568 776 proximum
587 695 740 778 debebam,
764 715 852 775 quem
875 704 906 758 et
924 697 1031 780 exolvi,
1055 700 1113 762 hoc

93 788 167 848 mihi
191 805 266 867 opus
289 793 342 846 est.
388 785 472 848 Mitto
495 782 624 865 Philippi
651 792 682 846 et
705 784 848 865 Spalatini
874 786 976 848 literas
1004 787 1041 848 ad
1072 796 1115 872 te,

93 885 128 937 ut
149 876 250 936 videas
274 874 363 935 simul
386 882 416 935 et
437 893 485 936 me
510 893 618 955 cupere
641 874 743 935 ridere
766 877 822 936 ista
845 878 965 936 comitia
988 885 1019 938 et
1042 877 1114 938 Phi·

77 966 208 1046 -lippum
231 964 268 1024 de
290 982 357 1024 mea
380 982 468 1025 causa
491 982 557 1024 csse
577 957 781 1046 sollicitum⁸⁹,
803 983 873 1025 nam
891 964 946 1026 hac
964 972 1052 1044 parte
1076 966 1114 1028 ad

93 1062 255 1135 tequoque
274 1055 426 1132 pertinent
443 1052 498 1114 hae
515 1053 646 1134 litterae3
666 1051 882 1115 octiduumt
836 1060 882 1115 est
900 1055 979 1160 quod
998 1059 1113 1137 accepi

93 1141 251 1205 Praeterea
283 1144 430 1203 miserunt
462 1141 627 1222 catalogum
660 1144 792 1203 omnium
823 1145 994 1223 principum
1030 1163 1114 1208 nunc

94 1234 241 1312 Augustae
262 1231 418 1293 Caesarem
437 1233 656 1311 expectantium
676 1231 795 1311 etquid
814 1235 879 1312 spei
897 1231 1050 1312 reliquum
1065 1237 1116 1317 sit,

94 1341 183 1402 quem
211 1324 300 1382 etiam
323 1320 363 1382 lo.
390 1313 512 1399 Mylio⁹⁰
541 1319 744 1381 iureconsulto
772 1321 854 1402 dedi,
885 1323 936 1402 qni
964 1328 994 1383 et
981 1323 1115 1387 thodie

94 1413 239 1473 remittet
232 1410 406 1492 ,alioqui
415 1417 445 1470 et
472 1411 564 1470 istum
591 1411 741 1470 misissem
768 1412 929 1492 missurus,
962 1413 989 1471 si
1020 1414 1116 1497 voles,

95 1519 171 1562 cras.
216 1458 294 1560 Vale.

140 1601 431 1690 (Norimbergae,
452 1605 530 1732 Maio
554 1603 600 1664 vel
622 1604 707 1666 Iunio
733 1599 844 1689 1530).

807 1713 901 1774 Tuus
923 1714 1070 1779 Hessus

257 1973 308 2044 22.
339 1973 419 2044 idolo.
442 1974 561 2044 Hessos
585 1973 670 2042 Phil.
692 1972 950 2045 Melanohtlroni.

95 2116 321 2188 Erphorditte.
918 2125 943 2175 1.
961 2117 1013 2176 Iul.
1034 2125 1117 2179 1583.

162 2213 194 2274 D.
223 2212 359 2291 Philippo
382 2210 602 2272 Melanchthoni
634 2214 698 2273 viro
731 2230 860 2295 summo,
892 2216 986 2274 amico
1020 2220 1117 2279 caris·

96 2306 171 2364 simo
196 2321 258 2363 suo.

163 2393 191 2452 S
223 2389 360 2451 Rediisse
388 2407 435 2449 me
463 2384 674 2468 Ερ1ιοιι1ἱιιιιι9ι
702 2391 791 2451 credo
819 2371 968 2452 audivisse
995 2399 1041 2475 te,
1072 2399 1117 2458 mi

95 2480 244 2584 Philippe,
268 2481 323 2540 et'
315 2497 347 2539 ιιι
348 2478 463 2558 telliges
483 2496 519 2538 ex
538 2486 641 2539 nostro
660 2479 724 2539 Velt
726 2473 881 2562 kirchio⁹²,
905 2482 957 2560 qui
975 2481 1029 2543 has
1048 2484 1117 2567 tihi,

95 2576 129 2630 ut
152 2571 229 2629 exist
230 2570 303 2655 imo,
326 2566 464 2628 reddidit.
509 2566 592 2627 Idem
614 2575 719 2633 verot
706 2568 763 2629 tibi
785 2576 914 2649 exponet
901 2570 972 2630 tde
994 2571 1117 2652 reliqua

10 2656 36 2712 .’
95 2677 163 2719 mea
184 2658 311 2719 fortuna.
356 2656 421 2728 Qua
444 2650 647 2717 conditione⁹³
668 2658 745 2737 apud
770 2656 894 2720 Noricos
923 2660 1050 2742 egerim,
1082 2670 1116 2725 tu

96 2747 257 2867 inprimis94
257 2747 346 2826 nosti,
370 2747 422 2824 qui
444 2747 514 2827 tuis,
538 2746 616 2824 quod
639 2746 757 2828 dicitur,
780 2748 917 2809 manibus
936 2766 971 2808 eo
990 2767 1039 2810 me
1059 2753 1116 2812 im-

95 2837 264 2916 posuisti
231 2827 388 2895 94Inviti
411 2853 459 2894 me
482 2834 661 2900 dimiserunt
648 2838 784 2915 toptimi
801 2839 858 2898 viri
876 2837 1116 2918 Norihergenses

96 2927 246 3004 meique.
269 2915 318 3027 3²¹⁶)
348 2930 378 2983 et
399 2926 445 2984 tui
472 2927 676 2985 amantissimi
732 2923 887 2987 Neminem
915 2926 959 2987 ibi
986 2926 1117 3011 hostem,

94 3032 201 3078 omnes
224 3014 346 3073 amicos
358 3012 475 3092 reliqui.
521 3013 626 3075 Conati
601 3013 804 3094 taliquotics
828 3023 897 3076 sunt
915 3017 1046 3077 retinere
1063 3037 1116 3080 ame

94 3110 183 3164 aucto
208 3104 298 3162 etiam
321 3101 427 3163 salario
451 3097 589 3184 annuo⁹⁵,
613 3105 691 3164 sicut
713 3105 802 3164 etiam
822 3110 944 3165 conatus
968 3113 1015 3166 est
1038 3110 1116 3186 opti-

97 3209 165 3251 mus
179 3197 249 3251 tuus
267 3192 408 3271 princeps
426 3190 644 3271 vitembergam
663 3210 711 3252 me
729 3193 912 3275 pertrahere,
931 3195 980 3260 cui
998 3197 1117 3257 utinam

98 3278 224 3358 obsequi
242 3279 419 3359 potuissem!
445 3281 503 3341 Sed
522 3280 595 3359 quid
613 3278 766 3343 iacerem?
788 3281 860 3343 Data
879 3285 939 3343 iam
957 3282 1032 3344 tides
1051 3294 1119 3347 erat

97 3368 168 3428 hnic
192 3370 312 3451 civitati,
337 3388 411 3450 quae
435 3371 546 3448 scripto
569 3368 689 3448 publico
713 3378 881 3433 revocatum
905 3389 953 3432 me
976 3374 1037 3433 iam
1057 3375 1119 3448 sihi

169 3559 195 3630 9)
214 3557 310 3614 Codex
327 3557 381 3612 hoc
400 3524 463 3612 loco
481 3557 614 3612 lacunam
632 3557 733 3628 habet3
751 3577 776 3615 v.
796 3559 1012 3631 praefationem.
