2400 3966
496 242 633 314 epistolae
1004 241 1069 307 133

56 393 148 474 dirigit
172 393 281 455 divina
303 391 497 472 providentia.
536 392 676 454 Ceterum
699 395 767 472 quis
790 402 859 473 post
882 393 1000 454 sedatas
1018 393 1072 454 ali·

56 486 227 564 quantisper
249 480 354 543 llortis
381 482 474 543 lurias
502 475 593 566 (quae
621 484 720 542 omnia
747 482 853 562 procul
878 482 969 543 dubio
991 483 1071 562 apud

55 573 102 635 los
131 564 318 654 urrborrmt)
349 569 556 632 Universitatis
583 571 743 632 Altorlinae
775 580 806 632 et
834 571 955 633 Vestrae
983 570 1071 632 Nori·

55 662 155 743 largae
180 668 283 723 status
304 660 393 721 modo
417 662 465 740 sit,
488 679 524 722 ex
543 661 584 721 Te
608 680 679 722 aveo
703 679 893 740 cognoscere.
937 660 979 721 De
1002 679 1071 740 pro·

56 750 219 813 osoribus
248 757 280 810 et
305 751 403 829 pretio
430 768 550 811 mensae
577 749 691 811 ibidem
720 750 771 811 diu
798 758 858 832 est,
888 751 968 830 quod
996 749 1073 811 nihil

57 842 191 903 inaudivi
232 838 291 900 Ubi
308 856 379 900 vero
397 838 489 900 irater
507 847 577 900 tuus
595 838 648 901 Dn.
668 839 700 901 l).
716 837 884 919 Georgius?
903 839 956 902 ubi
973 838 1072 901 Ludo·

57 927 154 993 dens?
173 929 233 991 ubi
244 935 349 990 noster
361 925 554 990 Ludwelius?
572 929 625 989 ubi
639 928 692 989 Dn.
707 928 855 1000 Queccius
869 924 1074 991 medicus⁵²⁵‘?

56 1020 133 1082 aliive
172 1019 269 1081 amici
299 1024 430 1098 veteres,
466 1036 593 1098 quorum
624 1020 744 1079 nomina
777 1037 838 1079 non
871 1016 1074 1081 succurrunt?

57 1108 191 1172 bidunde
210 1107 255 1169 'l'e
277 1107 328 1168 bic
346 1113 377 1167 et
395 1106 432 1166 de
450 1107 575 1188 singulis
594 1107 630 1168 ad
649 1110 785 1169 notitiam
804 1127 901 1169 meam
920 1112 1073 1187 pertinen·

56 1198 128 1261 libus
157 1197 344 1260 sufficientia
371 1214 472 1278 narra;
504 1215 569 1258 rem
596 1205 710 1276 gratam
737 1197 912 1277 praestabis.
964 1196 1074 1258 Noster

56 1296 145 1351 statum
179 1287 247 1349 iere
279 1287 421 1364 antiquus
452 1293 510 1368 est3
542 1288 656 1366 privata
687 1294 844 1368 curantur,
876 1285 995 1366 publica
1022 1294 1074 1346 aut

56 1377 249 1459 negliguntur
271 1381 322 1436 ant
343 1377 464 1453 segnius
482 1383 655 1437 tractantur.
691 1375 848 1437 Factiones
866 1374 1074 1454 theologorum

56 1476 81 1528 et
96 1463 259 1546 uectigalis
277 1466 390 1525 nautici
408 1464 584 1526 immodicae
603 1468 773 1526 exactiones
793 1472 863 1526 sunt
881 1465 965 1525 fundi
978 1466 1076 1525 nostri

57 1556 226 1636 calamitas,
252 1555 303 1615 oui
324 1552 405 1614 Deus
428 1561 458 1614 et
480 1554 545 1615 dies
569 1554 735 1616 remedium
758 1552 896 1615 afferant!
942 1551 1075 1614 Noohius

56 1654 157 1708 noster
194 1650 266 1705 ante
298 1660 399 1704 meum
431 1643 562 1704 reditum
593 1643 793 1723 Mariaeburgi
827 1661 954 1725 sponsus
987 1643 1075 1724 obiit;

58 1734 165 1815 Copius
189 1731 289 1794 adhuc
311 1731 424 1793 ibidem
442 1735 522 1813 vivit,
546 1732 598 1793 sed
617 1732 731 1794 abitum
750 1736 783 1793 in
801 1733 988 1794 Hollandiam
1007 1752 1076 1794 cum

57 1824 167 1885 nmilia
180 1821 354 1883 meditatur.
377 1820 418 1882 De
430 1821 602 1884 Bernhardo
612 1821 748 1904 [loblero‚
763 1825 812 1883 cui
827 1824 1076 1903 cheurograpbum

58 1912 291 1975 Perbantiaunm
318 1909 497 1972 aNobiliss.
517 1910 570 1971 Dn.
589 1910 769 1972 Hainbolero
796 1912 866 1973 lidei
889 1931 973 1973 meae
998 1930 1076 1973 com-

57 2004 184 2065 missum
208 2002 357 2061 incautior
379 1999 542 2082 reliquisti,
565 1999 640 2060 nihil
663 2004 739 2061 certi
762 2004 912 2081 expiscari
933 2002 1078 2061 hactenus

58 2090 150 2154 licuit.
194 2087 258 2150 Nec
279 2107 417 2150 nummos
440 2107 496 2150 neo
518 2087 657 2150 schedam
676 2090 771 2151 debiti
790 2092 1003 2152 confessoriam
1021 2092 1077 2149 im·

58 2189 178 2261 patrare
202 2196 334 2261 possum,
357 2178 436 2258 quod
458 2176 650 2239 vehementer
673 2179 766 2261 dolet3
792 2197 897 2239 uereor
920 2179 1015 2258 enim,
1038 2196 1077 2237 ne

60 2272 214 2350 accepisse
250 2285 298 2328 me
334 2270 490 2347 pecuniam
527 2271 615 2328 istam
647 2271 817 2349 suspicetur
847 2267 994 2327 Patricius
1027 2264 1077 2326 ille

59 2362 261 2439 lugrmtanus,
279 2358 364 2417 cuius
383 2355 618 2417 benevolentiam
632 2358 706 2418 mihi
721 2365 831 2418 sartam
844 2362 954 2416 tectam
969 2372 1077 2433 meque

60 2448 94 2509 ab
123 2447 211 2509 omni
238 2447 406 2525 suspicione
434 2444 478 2506 illi
505 2448 667 2508 immunem
695 2453 847 2527 praestare
871 2441 989 2505 vellem!
1035 2442 1077 2503 De

60 2536 126 2599 aliis
150 2536 231 2597 lama
252 2533 371 2614 publiea
389 2535 431 2595 Te
454 2537 614 2596 certiorem
637 2536 734 2597 saciet.
770 2535 884 2596 Electio
907 2535 977 2593 noui
997 2535 1079 2611 regis

60 2624 119 2689 Pol
148 2625 233 2687 omni
262 2626 456 2703 competitore
485 2616 575 2707 (noro
604 2619 754 2709 exemplo)
784 2626 893 2705 caruit3
925 2624 1079 2684 coronatio

60 2715 115 2777 sub
148 2717 320 2793 ingressum
347 2713 436 2775 huius
464 2716 535 2774 anni
562 2713 689 2774 feliciter
717 2714 876 2775 Cracoviae
903 2705 1078 2792 peractam.

61 2802 191 2887 Comitia
211 2801 312 2864 babita
334 2821 473 2882 magnum
497 2806 700 2882 gravaminum
724 2803 941 2864 cumulatorum
963 2808 1079 2881 partem

61 2893 142 2955 uelut
164 2909 238 2954 ense
261 2891 456 2954 resciderunt.
503 2892 612 2954 Contra
635 2893 752 2953 lloscos
776 2889 827 2954 20.
846 2891 927 2951 milia
950 2889 1079 2949 militum

62 2984 93 3045 lu
109 2979 174 3043 Pol.
194 2986 226 3041 et
243 2978 340 3042 Germ.
359 2981 552 3061 legendorum
571 2983 724 3043 decretum
744 2989 832 3061 extat,
855 2998 892 3039 ne
911 2975 1079 3057 periculum

63 3070 237 3133 Smolensoo
260 3068 297 3130 ab
319 3070 404 3132 hoste
427 3073 587 3132 imminens
610 3071 727 3150 longius
751 3061 904 3149 serpat⁵²⁷.
948 3065 1079 3126 Electori

63 3157 231 3221 Brandenb.
267 3158 389 3220 feudum
420 3160 558 3221 Prussiae
595 3179 648 3221 rex
685 3177 740 3239 per
774 3158 901 3236 legatum
934 3153 1079 3235 eiusdem,

64 3251 206 3311 comitem
223 3246 560 3331 Schwartzenburgium‚
583 3248 709 3310 contulit
732 3254 762 3308 et
785 3246 978 3306 confirmavit.
1021 3242 1078 3304 Re-

64 3336 298 3399 uerendissimus
321 3344 351 3398 et
366 3337 474 3399 Illustr.
493 3341 651 3419 episcopus
670 3336 858 3417 Culmiensis,
881 3333 934 3394 Dn.
953 3332 1080 3394 lacobus

66 3417 230 3505 zanunim,
256 3428 341 3504 regni
368 3427 577 3509 cancellarius,
605 3427 640 3487 ad
665 3433 843 3486 conuentum
865 3424 1080 3504 pacificationis

66 3513 322 3577 Leutmerieusem
344 3534 361 3575 a
383 3534 453 3595 rege
477 3519 614 3578 mittitur.
652 3514 771 3575 Utinam
789 3513 909 3574 tandem
928 3531 984 3592 pax
1004 3511 1080 3571 alma

66 3602 237 3684 reducatur,
253 3612 410 3683 postquam
429 3624 483 3666 suo
502 3605 609 3666 damno
629 3611 659 3664 et
673 3606 764 3665 exitio
779 3604 912 3663 uniuersi
926 3608 956 3661 et
971 3598 1080 3678 singuli
