2400 3966
143 187 207 250 112
535 185 568 242 H.
588 186 759 257 Thederingi

142 345 260 417 perunt,
283 338 422 415 aequiore
447 337 544 396 animo
569 336 647 396 serre
671 344 700 397 et
723 343 791 415 post
810 339 866 397 ista
885 335 987 397 nubila
1006 334 1157 396 Phoebum
1170 340 1193 410 tq

144 428 326 486 sereniorem
350 432 506 504 expectare
531 443 645 504 queam.
687 424 785 486 Nolim
809 428 889 486 enim
911 424 959 485 his
977 422 1157 485 turbulentis

142 523 173 575 et
200 517 278 576 caris
308 514 490 593 temporibus
518 514 587 575 ullis
616 532 663 586 me
692 516 817 576 vinculis
845 516 984 593 astringi,
1013 516 1045 573 ni
1073 513 1158 574 aliter
1171 512 1179 591 j

143 603 203 664 Deo
226 606 324 664 visum
347 605 444 676 luerit.
482 603 616 664 lnaudita
639 621 693 664 nos
716 604 766 664 bic
788 610 875 664 vexat
896 621 1030 664 annonae
1051 605 1158 664 caritas
1199 592 1200 601 ¹

144 711 199 754 neo
222 711 315 753 vanus
339 701 384 753 est
406 695 500 772 pestis
520 700 550 752 et
567 699 702 753 motuum
721 692 896 754 bellicorum
915 699 1021 770 metus.
1058 691 1158 752 Mone·
1172 692 1195 735 l

143 785 252 843 tarium
289 782 398 843 malum
435 781 509 842 mult
497 789 544 842 tos
580 782 785 861 pessumdedit
821 789 851 843 et
887 783 963 842 mira
999 787 1158 841 metamor·
1172 772 1197 827 ³¹⁴1

144 871 240 955 phursi
255 870 405 931 Croesos'
397 889 428 931 m
443 870 711 953 lros,bos1nillos
726 873 941 932 transmutavit.
971 870 996 931 0
1010 867 1190 959 temporat
1176 874 1182 913 ¹

145 979 220 1040 quae
248 962 275 1020 si
298 962 338 1020 ita
360 960 439 1020 bis
431 977 463 1020 m
486 959 559 1020 loeis
582 959 752 1021 calamitosa
774 978 840 1021 esse
862 961 1060 1040 perrexerint,
1083 948 1192 1020 sostei

143 1042 384 1110 iubilaeum⁵⁰³
376 1051 533 1109 1mminent
534 1067 582 1109 em
610 1048 680 1109 alibi
709 1048 874 1110 celebrabo.
930 1049 990 1110 Sat
969 1056 1008 1110 trs
1038 1049 1075 1109 de
1102 1048 1186 1109 bisi

144 1138 219 1199 lllud
247 1158 327 1200 nunc
354 1138 430 1198 addo
458 1156 505 1198 me
528 1137 565 1199 ab
592 1138 760 1199 Humaniss.
793 1146 823 1200 et
849 1137 923 1199 Nob
945 1138 999 1199 Dn.
1023 1136 1180 1217 Philippo
1176 1155 1197 1183 o

144 1221 370 1289 Hainholero⁵⁰⁴
400 1235 549 1308 rogatum,
581 1234 615 1289 ut
645 1230 677 1288 in
704 1226 777 1288 Nob.
801 1228 923 1289 lunonis
947 1226 1114 1288 Sebastiani
1144 1245 1160 1287 a
1184 1244 1196 1274 u

143 1311 324 1378 Perband⁵⁰5
358 1324 467 1378 statum
500 1319 697 1397 inquirerem,
729 1319 784 1421 qui
809 1335 902 1397 prope
930 1316 1159 1396 Regiomontum
1177 1323 1200 1366 ¹³

146 1401 204 1490 (Zu
218 1407 335 1468 Nauten
341 1399 389 1488 ⁵⁰⁴³,
408 1424 482 1485 pago
502 1425 539 1467 an
559 1406 677 1486 oppido,
696 1408 764 1485 quis
781 1399 927 1489 refereti)
943 1406 1020 1486 apud
1035 1412 1190 1467 matrem!

144 1497 263 1557 viduam
280 1495 414 1556 babitare
434 1495 551 1556 dicitur.
588 1494 617 1555 ls
636 1494 703 1555 dato
723 1495 946 1577 oberrograpbo,
970 1495 1051 1574 quod
1068 1510 1160 1574 penes
1194 1562 1198 1569 ,

131 1579 192 1646 ‘me
226 1591 284 1665 est,
318 1582 368 1646 16.
397 1583 568 1664 imperiales
600 1591 719 1645 mutuos
752 1604 768 1643 a
801 1584 853 1644 Du.
880 1583 1062 1644 Hainhofero
1093 1590 1195 1644 antei

144 1677 325 1735 novennium
348 1675 462 1752 accepit
484 1673 613 1734 necdum
636 1674 776 1734 restituit.
818 1672 947 1751 Rogatus
971 1674 1072 1752 itaque
1095 1689 1161 1734 sum
1182 1673 1198 1723 ἰ’

146 1762 280 1824 debitum
309 1762 384 1823 illud
417 1764 536 1842 exigere
564 1764 596 1822 in
623 1764 748 1841 gratiam
776 1762 946 1843 creditoris,
978 1761 1104 1823 fautoris
1131 1767 1190 1822 eti

146 1854 234 1913 amici
257 1854 316 1912 mei
340 1854 456 1912 summi.
501 1851 615 1930 Scripsi
638 1869 693 1930 per
715 1854 810 1912 civem
832 1850 965 1930 Regiom.
989 1850 1025 1911 ad
1049 1851 1161 1912 dictum
1185 1862 1193 1904 t

145 1940 346 2022 Perbandum3
365 1959 543 2020 responsum
561 1941 694 2001 nondum
712 1940 781 2022 tuli3
800 1942 883 2001 vivus
902 1943 999 2001 sitan
1016 1947 1162 2021 mortuus,
1190 1967 1199 1986 »ι

146 2033 259 2109 ignoro.
305 2031 363 2110 Tu,
392 2048 515 2111 quaeso,
543 2031 661 2108 inquire
690 2030 767 2109 apud
791 2032 871 2090 cives
893 2028 1082 2108 Regiomonti
1104 2030 1163 2109 ipsi
1198 2079 1200 2082 .

147 2122 348 2200 cognomines,
367 2119 438 2198 quid
457 2114 638 2199 respondere
658 2118 710 2179 Du.
725 2118 905 2179 Hainholero
920 2117 1053 2179 debeam.
1081 2117 1162 2179 Adde
1190 2134 1194 2170 ι

148 2209 293 2287 quaedam
321 2208 358 2268 de
386 2215 465 2269 statu
493 2208 572 2268 acad.
591 2215 708 2269 vestrae
736 2215 766 2269 et
794 2209 821 2267 si
848 2225 922 2287 quas
947 2206 1039 2269 habes
1062 2208 1163 2268 theses
1191 2238 1194 2243 ⁴

147 2316 163 2358 a
187 2297 351 2359 candidatis
375 2299 483 2357 vestris
505 2315 602 2376 nuper
624 2299 806 2377 propositas,
829 2296 983 2357 commoda
1006 2299 1163 2357 occasione

147 2387 193 2448 vel
216 2406 271 2466 per
292 2387 372 2447 hunc
396 2388 494 2464 ipsum
517 2386 636 2447 astinem
659 2404 760 2447 meum
783 2386 857 2446 mihi
878 2387 1057 2446 transmitte.
1092 2385 1163 2446 Pro-

148 2475 297 2537 fessorum
320 2477 440 2536 nomina
464 2481 494 2536 et
516 2477 626 2556 munia,
650 2478 676 2536 si
699 2493 787 2554 grave
811 2493 871 2535 non
889 2474 989 2557 fuerit,
1012 2492 1164 2536 enumera.

149 2564 262 2635 Quibus
287 2564 409 2645 subiice,
433 2566 460 2624 si
483 2583 558 2643 quae
582 2563 706 2624 habebis
729 2564 795 2646 alia,
818 2581 894 2643 quae
917 2581 965 2624 me
989 2566 1069 2625 scire
1090 2562 1164 2625 velle

149 2653 328 2732 opinaberis.
374 2652 435 2713 lam
457 2653 521 2715 vale
545 2661 575 2714 et
597 2671 644 2714 me
668 2653 921 2714 studiosissimum
943 2650 1073 2715 redama.

214 2759 284 2821 Dab.
308 2762 416 2839 raptim
439 2759 615 2842 Dantisci,
638 2763 671 2821 in
695 2760 748 2821 der
770 2759 1016 2841 Frawengassen‚
1039 2758 1089 2821 bei
1112 2759 1165 2820 der

150 2849 197 2911 Fr.
216 2849 307 2910 lsrael
325 2843 540 2931 Folsschen⁵⁰⁷,
567 2869 591 2910 a.
611 2849 638 2910 d.
659 2844 710 2910 24.
725 2848 854 2910 Ianuarii
876 2867 920 2910 ao.
946 2844 1048 2931 1624,
1076 2867 1163 2928 quem

148 2938 215 2999 Tibi
239 2938 499 3000 felicem-faustum
522 2938 698 3018 adprecatur

534 3064 615 3125 Tuus
638 3064 862 3125 Hermannus
885 3062 1122 3144 Tederingus.

217 3189 349 3250 Salutem
372 3190 531 3269 plurimam
554 3209 570 3250 a
594 3189 668 3251 Dnn.
688 3189 781 3269 Copio
804 3197 835 3250 et
857 3187 981 3251 Noohio.
