2400 3966
421 192 424 197 ‘
508 187 646 259 epistolae
1040 189 1082 253 89

49 342 103 400 situ
117 358 157 400 ao
173 339 290 398 tineis
325 337 358 397 Si
376 338 455 397 euim
469 340 577 417 neseis,
600 340 739 398 universa
757 339 805 397 rix
825 338 1087 417 comprehenderis

49 427 269 490 voluminibus
294 432 444 506 quattuor,
467 429 597 506 quinque
622 429 652 486 in
672 420 715 489 8⁰.
747 426 856 486 Extant
874 427 985 487 ibidem
1008 430 1087 487 inter

51 518 101 579 dia
130 515 273 578 XXXVI
296 514 368 575 libri
392 509 605 594 spinan1m⁴³1.
653 515 684 575 Si
713 516 944 595 excuderentur,
971 516 1086 576 nullum

50 609 233 668 invenirent
260 611 435 684 emptorem,
458 607 572 684 partim,
590 604 627 664 oh
651 603 759 664 molem
783 612 813 665 et
835 605 995 685 fastidium,
1019 624 1085 684 par-

51 700 102 758 tim
122 696 167 757 ob
190 696 333 774 pretium
351 694 501 772 grandius.
534 694 693 754 Creaturae
713 696 808 773 ipsius
827 694 927 755 forsan
946 696 1010 773 ipsa
1030 694 1087 754 sihi

52 775 335 866 comparabunt*),
358 800 445 842 nemo
468 790 632 862 praeterea.
664 783 776 843 hovum
799 786 880 844 enim
903 783 982 844 istud
1002 802 1086 863 pror-

52 893 118 936 sum
138 885 315 953 αμουσον.
339 870 478 932 lndicaho
496 871 662 951 Gebhardo,
681 872 759 950 quod
777 874 837 953 vis,
861 872 913 934 sed
932 875 957 933 is
976 873 1088 933 dudum

45 965 127 1035 *mihi
153 963 244 1024 dixit
267 969 370 1040 petere
393 967 422 1020 te
445 961 481 1021 ah
506 964 571 1040 ipso
595 960 817 1040 epithalamium
840 969 908 1040 post
926 962 1089 1022 celebratas

52 1055 199 1133 nuptiaS,
235 1050 317 1130 quod
350 1057 575 1129 praeposterum
606 1057 703 1130 putat3
743 1050 948 1128 genethliacon
981 1054 1089 1112 iustius

52 1141 232 1224 petendum
256 1139 293 1200 ad
317 1141 443 1218 primam
466 1139 588 1218 prolem.
625 1138 679 1199 lin.
702 1133 862 1199 lllundii⁴³2
886 1139 987 1199 literas
1006 1140 1088 1201 libel-

55 1233 188 1311 lumque
229 1234 313 1290 recte
351 1231 464 1308 recepi,
501 1235 589 1308 atque
622 1247 659 1288 en
692 1228 728 1288 ad
761 1247 795 1288 ea
827 1247 1004 1307 responsum
1035 1247 1090 1308 per

54 1320 294 1383 nobilissimum
317 1317 486 1398 lmholium,
518 1335 684 1397 perquem
708 1324 773 1377 tuas
801 1318 915 1397 reeepi,
945 1320 1089 1377 maximae

55 1409 301 1490 respectationis
325 1408 470 1467 iuvenem.
503 1405 650 1466 Salutahis
675 1424 756 1466 ame
777 1406 935 1466 admodum
958 1406 1089 1466 officiose

56 1499 141 1560 llnos
169 1497 394 1575 Camerarium,
424 1495 563 1575 Remum,
590 1495 768 1577 Freherum,
795 1495 979 1555 Praetorium
1007 1502 1037 1555 et
1064 1497 1090 1554 si

58 1591 128 1668 quis
154 1592 320 1666 praeterea
344 1585 418 1644 mihi
440 1601 500 1644 non
523 1586 672 1644 inimicus.

103 1689 360 1773 Deproperaham
387 1692 483 1769 prima
510 1691 636 1770 Augusti
658 1688 799 1751 Mooxvl
821 1690 1091 1770 Heidelbergae.

501 1796 606 1857 Vester
629 1803 709 1856 totus
732 1796 838 1857 lanus
863 1795 1047 1859 Gruterus

194 2042 197 2048 ¹
292 2073 343 2142 68.
372 2076 397 2143 Ι.
422 2075 581 2144 Gruterus
605 2078 658 2144 oh.
681 2077 879 2146 Hoelliohio.

63 2200 340 2268 Heidelbergae.
601 2235 606 2243 -
885 2197 909 2256 2'.
930 2201 1000 2255 Nov.
1022 2207 1090 2255 1617

137 2297 280 2360 Clariss0.
295 2297 463 2375 eximioque
496 2298 559 2355 viro
587 2295 659 2355 Duo.
684 2296 896 2376 Christophoro
924 2297 1092 2357 Hoellichio

67 2392 144 2469 reip.
170 2384 301 2464 inclytae
324 2383 449 2446 Norioae
473 2402 489 2443 a
512 2388 636 2445 seeretis
660 2393 715 2445 eto.
739 2385 958 2464 Norimhergae.

139 2477 172 2537 S.
192 2474 224 2535 P.
248 2472 299 2533 dle
321 2473 458 2537 versibus
486 2476 562 2533 meis
590 2477 621 2534 in
645 2469 860 2553 Scipionem⁴³⁸
882 2493 910 2553 p.
934 2493 971 2534 m.
996 2477 1093 2535 serius

70 2585 124 2628 eos
151 2565 319 2643 advenisse,
341 2563 455 2624 nullum
479 2562 619 2623 damnum
643 2570 697 2643 est,
721 2565 811 2623 immo
831 2564 938 2624 damno
958 2565 1093 2646 luissent,

71 2659 99 2717 si
120 2654 275 2716 maturius
299 2670 331 2712 se
355 2651 437 2711 vohis
461 2653 619 2732 stitissent,
642 2654 693 2730 qui
717 2653 812 2714 laoitis
837 2651 983 2714 Gentilem
1002 2654 1094 2734 Alphe

72 2746 174 2806 omnis
197 2741 385 2821 literaturae,
412 2759 480 2801 oum
504 2743 635 2802 carmina
662 2760 728 2802 mea
750 2744 798 2802 vix
822 2761 890 2803 eum
914 2746 1095 2804 constituant

72 2833 188 2914 llappa.
221 2830 324 2909 ltaque
347 2829 472 2890 nebulae
492 2829 618 2891 luissent
636 2833 715 2890 inter
737 2838 850 2892 vestras
874 2833 973 2893 stellas
997 2851 1094 2910 neque

73 2927 233 2985 merentur
256 2937 337 2999 sane,
359 2927 393 2979 ut
412 2920 538 2978 seorsim
556 2920 747 2981 excudentur.
779 2920 998 2999 Epigrammata
1016 2919 1094 2980 Neu-

76 3002 298 3073 stetteriana4³²
329 3008 376 3068 vel
408 3009 505 3068 retine
537 3008 584 3068 vel
614 3011 699 3069 mitte
727 3009 759 3069 ll.
782 3008 929 3089 Piocart03
961 3025 1029 3068 nam
1061 3016 1095 3068 ut

75 3101 151 3162 mihi
174 3100 326 3178 remittas,
348 3100 396 3158 eui
419 3093 520 3157 hono?
564 3097 688 3159 Interim
714 3098 802 3157 velim
829 3097 884 3174 tihi
911 3115 999 3157 curae
1028 3116 1095 3158 esse

77 3188 254 3270 scrupulum
277 3186 362 3248 illum
386 3204 477 3265 super
499 3185 590 3246 natali
607 3185 724 3247 Erasmi
741 3185 924 3246 Neustetteri
946 3188 1095 3264 eximique

78 3298 133 3341 sno
154 3286 302 3358 tempore.
347 3274 411 3336 lloe
435 3275 547 3349 scribo,
576 3278 645 3354 quia
672 3273 708 3334 de
732 3292 766 3334 eo
794 3276 825 3333 in
853 3277 1012 3352 postremis
1034 3277 1095 3336 tuis

79 3368 168 3430 sileas
192 3384 292 3446 neque
316 3365 478 3443 quidquam
502 3363 582 3424 illius
610 3365 779 3446 meminerit
806 3363 841 3423 ad
865 3381 912 3424 me
935 3363 1095 3426 Pieeartus.

148 3559 175 3628 ⁸³)
194 3556 333 3612 Gruterus
352 3553 425 3624 ipse:
445 3559 614 3625 comparent.
