2422 3944
505 187 711 242 Adnotationes
1054 193 1114 257 151

93 331 208 400 Quodsi
225 350 251 386 v.
270 331 348 385 Hout
365 330 384 385 1.
399 347 422 385 c.
441 348 468 399 p.
486 334 518 384 19
531 328 568 397 ¹in
586 329 691 384 codicis
706 329 803 388 Dresd.
823 331 927 386 crued
941 335 1115 403 argumentis

92 405 124 460 ei
144 402 295 473 epistolae,
315 418 388 472 qnae
407 401 467 455 sins
484 400 620 470 temporis
638 400 810 456 indicatione
829 404 906 473 apud
924 405 1116 461 Hummelium

93 495 124 547 p.
148 480 183 529 68
212 475 316 543 exstet,
344 490 431 543 quam
456 474 522 541 post
548 472 671 526 reditum
698 473 802 528 Hessns
831 474 956 544 scripsit,
986 482 1010 529 1.
1039 477 1115 531 diem

94 566 134 604 m.
144 545 213 600 Iulii
227 550 296 598 1530
311 545 485 614 adscriptum
498 560 560 597 essa
574 544 727 613 confirmat,
744 545 796 599 hoe
809 563 859 615 per
873 563 992 602 errorem
1008 548 1116 602 factum

93 635 161 674 esse
182 617 232 685 iis,
257 633 331 685 qnae
348 632 399 670 nos
419 613 638 683 disputavimus,
663 615 808 672 evincitur.
829 649 861 658 -
883 617 1040 690 ‘Augustae
1058 638 1116 675 non

94 689 213 745 omnino
227 687 333 742 frustm
347 687 402 740 fui’
422 686 459 739 ad
472 686 727 754 Baumgartnerum
740 687 845 742 Hessns
861 689 960 743 scribit
973 691 1115 760 (Hummel

92 781 125 833 p.
141 766 176 815 68
187 761 252 829 sq.);
273 759 355 812 ‘nam
375 759 404 812 et
422 757 527 810 amicos
546 756 612 810 istic
627 759 737 812 veteres
752 761 781 812 et
795 759 844 812 din
857 777 915 814 non
928 761 1003 816 visos
1018 762 1114 817 inveni

93 835 128 887 et
144 847 235 886 novos
254 830 341 884 etiam
359 827 415 884 feci
431 831 461 883 et
475 845 542 882 auro
556 827 671 898 insuper
685 829 806 883 donatus
821 849 883 884 sum
898 871 905 884 .
923 833 939 886 .'
956 836 992 902 (v.
1006 833 1115 888 Kranse

93 922 124 974 p.
140 903 266 971 itaqu).
303 900 434 955 Ceterum
455 918 480 954 v.
505 899 748 953 narratiunculam
771 901 806 955 de
830 902 958 958 convivio
982 905 1115 974 quodam,

93 974 144 1029 cni
162 973 268 1028 Hessns
286 972 433 1042 Augustae
452 970 594 1039 intererat,
617 972 662 1024 sat
679 973 829 1026 venustam
848 975 925 1043 apud
944 976 1116 1031 Strobelinm

93 1045 216 1100 Miscell.
235 1045 262 1097 Il
280 1062 307 1113 p.
323 1049 355 1096 21
368 1061 408 1112 sq.
428 1074 464 1082 -
481 1042 607 1096 Accedat
630 1041 719 1111 igitur
741 1043 812 1098 haec
835 1045 957 1113 epis-tola
980 1048 1018 1101 ad
1041 1047 1114 1102 alias

94 1116 228 1188 precibus
243 1114 406 1184 completas,
426 1113 528 1183 quibus
543 1112 630 1166 annui
645 1113 743 1167 salarii
757 1115 897 1184 angustiis
912 1119 941 1171 et
954 1117 1016 1173 vita
1030 1136 1115 1189 supra

92 1205 156 1243 rem
169 1185 341 1241 familiarem
355 1188 520 1255 sumptuosa
534 1186 648 1238 coactus
659 1185 876 1256 Banmgartneri
887 1187 1115 1244 benevolentiam

94 1259 177 1314 adire
191 1257 303 1312 solebat
316 1260 352 1326 (v.
368 1257 449 1326 epist.
461 1261 502 1311 23.
514 1261 555 1310 25.
567 1261 672 1309 27-31
685 1256 825 1323 Hummel,
841 1258 995 1313 Gamerarii
1007 1263 1113 1317 narrat.

93 1329 167 1398 061),
191 1348 217 1384 v.
241 1329 319 1382 Hont
341 1347 367 1396 p.
389 1333 435 1396 19,
458 1327 566 1381 Kranae
588 1327 615 1380 ΙΙ
637 1345 664 1396 p.
685 1329 754 1396 108).
791 1329 825 1382 ln
849 1329 928 1399 epist.
949 1337 982 1384 29
1002 1331 1112 1386 Humm.

94 1419 147 1472 pro
162 1399 386 1471 ‘pictoriatum’,
401 1415 456 1467 quo
471 1398 502 1451 in
514 1397 600 1452 verbo
616 1397 708 1451 editor
716 1398 887 1468 haesitabat,
901 1401 1111 1456 ‘victoriatum'

94 1472 277 1528 scribendam
296 1472 346 1526 est.
477 1469 514 1524 89
534 1469 567 1523 V.
586 1469 695 1523 Kranae
712 1488 740 1540 p.
757 1476 816 1539 111,
836 1471 885 1540 qni
904 1472 985 1542 epist.
1005 1473 1113 1528 Melan-

94 1543 228 1599 chthonis
248 1549 290 1597 21.
307 1549 331 1595 b.
351 1547 421 1595 1530
441 1541 478 1594 ad
496 1540 573 1594 Hier.
588 1540 843 1611 Banmgartnerum
861 1545 946 1613 (corp.
963 1545 1013 1600 ref.
1028 1546 1113 1614 1158)

95 1615 211 1669 undat:
232 1613 289 1666 ‘De
302 1611 413 1667 Ecbani
430 1611 545 1682 negotio
561 1611 585 1665 si
598 1614 693 1680 potest
707 1620 870 1682 exspectare
884 1616 1011 1670 exitum.
1028 1661 1033 1672 .
1049 1633 1114 1671 con-

93 1689 207 1755 ventus,
225 1683 338 1739 facilior
356 1686 389 1737 nt
407 1699 488 1753 spero
502 1700 547 1737 res
561 1682 622 1751 erit,
639 1682 688 1737 sed
703 1683 791 1738 sivos
804 1685 913 1754 putatis
927 1704 1001 1741 nune
1017 1688 1115 1742 statim

94 1758 238 1828 agendam
255 1760 315 1809 r'em
334 1771 403 1823 esse,
423 1771 525 1823 sequar
542 1757 668 1807 vestrum
685 1755 841 1810 consilium.
876 1757 986 1812 Scribes
1004 1759 1111 1830 igitur!

167 1829 207 1883 9-0
234 1826 293 1881 Ioh.
312 1825 447 1881 Miillner:
470 1844 496 1880 v.
520 1823 676 1880 camerarii·
696 1830 801 1882 narrat.
828 1826 891 1882 06¹³
910 1832 939 1884 et
961 1830 1069 1886 Krauss
1087 1832 1114 1885 II

114 1905 194 1955 alls
217 1944 223 1956 .

91 1919 113 1971 p
168 1917 336 2026 silandi
355 1973 425 2021 1533
444 1967 733 2037 (massenpret).
808 1969 845 2024 92
865 1971 960 2027 Barth.
976 1972 1057 2028 Bern.
1078 1974 1113 2027 de

94 2040 284 2097 Feldlrirclren
306 2038 471 2110 (Veleurio),
494 2038 565 2108 prof.
585 2038 809 2109 Vitebergensis,
838 2041 904 2096 inde
933 2042 969 2096 ab
998 2061 1023 2099 a.
1043 2049 1112 2097 1518

116 2115 195 2167 astur
207 2110 382 2180 Kambergae
397 2111 474 2179 apud
490 2110 678 2180 Vitebergam.
707 2111 739 2165 V.
755 2113 775 2165 I.
791 2111 824 2166 H.
840 2112 1004 2183 Fenstking,
1019 2114 1114 2169 leben

92 2133 127 2240 g.
142 2185 173 2238 B.
189 2203 215 2239 v.
230 2184 269 2252 F,
287 2182 381 2236 Viteb.
403 2186 480 2235 1705.
560 2180 598 2234 93
617 2181 659 2234 Ea
679 2181 737 2235 scil.
757 2182 930 2248 condicione,
950 2186 983 2237 ut
1001 2187 1113 2238 centum

93 2258 126 2310 et
153 2253 362 2325 qninquaginta
389 2253 557 2307 florenorum
585 2268 710 2305 annuum
737 2252 873 2306 salarium
900 2253 928 2308 ei
950 2258 1113 2310 numeretur

92 2325 262 2396 <camerarii
278 2341 352 2379 narr.
371 2323 435 2377 P5b
455 2326 484 2378 et
501 2324 682 2392 Heerwagen,
702 2324 757 2377 Zur
772 2323 870 2379 Gesch.
891 2325 917 2379 d.
932 2325 1113 2397 Niirnberger

95 2395 379 2464 Gelehrtenschnlen,
398 2412 491 2466 progr.
511 2393 637 2449 Norimb.
658 2399 727 2447 1860
745 2413 772 2464 p.
788 2401 820 2447 31
832 2397 892 2464 sq.).
977 2399 1016 2452 94
1033 2397 1068 2453 Η.
1089 2416 1111 2455 e.

96 2465 211 2523 senatui
224 2465 456 2536 Norimbergensi
474 2464 678 2520 commendasti
697 2469 731 2536 (v.
747 2465 854 2520 Kranae
870 2467 895 2518 ll
911 2486 939 2537 p.
955 2473 971 2520 8
987 2471 1016 2522 et
1030 2469 1112 2540 epist.

94 2539 186 2594 famil.
205 2558 233 2609 p.
248 2544 290 2592 38.
306 2541 377 2607 267).
487 2537 527 2591 98
548 2536 654 2590 Hessns
678 2537 715 2589 ad
733 2536 771 2590 Io.
787 2537 994 2608 Megobachum
1018 2540 1111 2609 (epist.

95 2611 186 2666 famil.
205 2629 233 2681 p.
249 2612 293 2678 58)
316 2609 388 2663 haec
410 2607 520 2662 scribit:
548 2607 599 2660 ‘Et
617 2607 864 2678 Nurenbergenses
882 2610 939 2664 mei
957 2609 1114 2666 offerebant

94 2682 233 2738 ducentos
252 2683 282 2734 et
300 2680 414 2734 domum
432 2679 563 2746 liberam,
588 2677 613 2732 si
632 2677 784 2732 voluissem
801 2680 877 2749 apud
895 2681 972 2751 ipsos
990 2700 1113 2752 manere,

94 2753 185 2808 etiam
207 2751 280 2806 nulli
302 2751 443 2805 functioni
465 2750 613 2820 alligatus,
640 2751 752 2803 tantum
774 2752 806 2804 ut
829 2753 943 2819 poetam
965 2753 1111 2810 haberent.

94 2825 153 2880 Sed
170 2824 229 2878 iam
248 2823 427 2877 condixeram
444 2821 489 2875 his
509 2820 585 2883 ὄνοις
603 2821 672 2890 (scil.
692 2819 935 2892 Enordiensibus),
951 2841 1003 2894 ego
1024 2825 1113 2895 stupi-

95 2895 161 2950 dior
183 2894 284 2965 quovis
307 2894 375 2949 deoc
398 2895 490 2955 ἵππος.
532 2892 569 2946 Et
591 2895 687 2945 tamen
710 2892 851 2960 poenituit
872 2911 917 2948 me
940 2912 1051 2964 semper
1076 2896 1113 2950 ab

96 2983 131 3021 eo
153 2969 279 3036 tempore
302 2982 347 3019 me
369 2981 427 3018 non
449 2964 500 3018 hos
523 2963 618 3033 potius
640 2963 776 3017 fefellisse
800 2981 886 3033 quam
906 2965 972 3019 istis
988 2983 1045 3020 non
1064 2967 1112 3021 ob-

94 3037 288 3108 temperasse.²
326 3035 403 3090 Haec
425 3035 513 3089 verba
534 3034 643 3088 Krause
665 3034 692 3088 Il
713 3053 740 3103 p.
763 3040 813 3087 133
824 3053 864 3103 sq.
888 3053 946 3090 non
969 3037 1044 3091 serio
1066 3054 1112 3091 ac-

95 3109 229 3181 cipienda
243 3123 312 3174 esse,
328 3107 377 3160 sed
391 3107 532 3161 iactanter
543 3108 572 3160 et
581 3105 703 3175 gloriose
713 3105 791 3160 dicta
800 3107 963 3176 arbitratur,
978 3108 1112 3177 quoniam

95 3198 161 3234 enm
176 3182 290 3235 senatur
305 3177 550 3247 Norimbergensis
564 3177 677 3246 decreti,
693 3194 748 3246 qno
758 3177 863 3231 Hassus
878 3195 912 3231 ex
926 3179 1004 3233 urbis
1019 3180 1112 3235 officio

96 3251 230 3306 dimissus
253 3253 308 3319 est,
332 3248 459 3318 profecto
481 3248 612 3303 laconica
635 3250 664 3302 st
686 3247 826 3303 inurbane
848 3250 989 3305 brevitate
1011 3268 1113 3320 parum

95 3322 296 3377 consentirent.
329 3320 385 3375 Sed
402 3321 500 3374 nostra
518 3319 640 3390 epistola
658 3319 749 3374 omnis
764 3319 906 3375 dubitatio
920 3321 1044 3391 tollitur,
1063 3339 1113 3376 cur

96 3393 173 3448 enim
186 3395 224 3448 ad
232 3391 480 3446 Molanebthonsm
494 3389 697 3445 amicissimum
709 3408 777 3445 vera
791 3408 848 3445 non
859 3393 1011 3463 scripserit,
1026 3410 1112 3447 eausa

95 3464 210 3520 videtur
232 3480 293 3519 esse
311 3461 399 3517 nulla
432 3463 505 3516 Item
517 3464 626 3517 Krause
644 3480 670 3532 p.
690 3467 739 3516 886
752 3462 869 3518 Eobano
885 3481 915 3519 se
929 3465 1112 3535 Vitebergam

96 3538 228 3591 vocatum
253 3551 313 3589 esse
331 3533 506 3588 Erfordiensi
524 3531 645 3604 Georgio
665 3532 828 3588 Stnrtiadae
850 3535 987 3603 postridie
1005 3535 1112 3590 natalis
