2400 3966
523 192 659 264 epistolae
1054 197 1095 261 61

115 350 192 402 anus
213 342 350 403 docebit.
400 342 448 404 Tu
472 343 544 422 quid
567 362 635 423 agas
660 345 732 425 qnid
756 364 829 427 non,
857 348 904 407 sae
927 348 1028 406 seiam.
1074 349 1098 407 Α

115 428 200 492 tetro
231 451 337 512 nuper
371 431 468 492 habui
499 434 653 512 epistolam
687 435 841 516 Sehoppii,
878 453 966 514 quam
1004 438 1035 495 in
1068 445 1097 497 te

113 524 209 600 niptam
227 521 321 582 faeile
343 515 537 604 suspioer²⁹⁶,
556 523 666 584 factum
685 541 797 605 seaeve,
815 524 924 584 litteris
944 524 1097 584 subitanee

113 612 188 689 niptis
219 619 251 672 et
285 618 385 691 prout
418 612 548 690 quidque
580 614 612 672 in
643 612 768 673 buccam
800 616 893 694 venit,
930 613 1097 673 rescribere

110 697 194 775 filice.
216 702 253 761 Si
268 703 365 780 sapia,
380 699 546 761 vindicabis
560 709 589 761 te
604 700 668 762 solo
683 701 802 762 silentio
816 703 932 781 hocque
947 703 1097 762 hominem

109 792 196 865 purime
218 789 363 870 habebis,
389 791 475 850 cuius
498 790 653 851 crescendi
676 793 800 851 materia
822 790 944 871 peribit,
967 794 992 850 si
1011 792 1098 851 dissi-

108 877 235 940 nlareris.
262 879 321 939 Dn.
338 877 453 939 Gentili
471 878 634 940 scriberem
654 887 684 940 et
698 880 863 958 gratularer
877 899 945 940 eum
960 880 1098 941 omnibus

107 964 167 1028 iotis
187 976 217 1029 et
241 968 339 1028 bonis
362 970 519 1029 victoriam
546 969 690 1049 debitam,
717 971 778 1029 nisi
805 972 906 1048 potius
936 989 1099 1049 augurarer

106 1054 152 1136 ira,
170 1076 240 1118 enm
264 1057 356 1117 brevi
380 1056 430 1118 hie
452 1057 576 1118 babeam
605 1057 825 1138 amplectarque
848 1078 990 1138 praesens
1013 1079 1098 1139 prae-

105 1154 192 1208 ntem
240 1146 374 1207 Interim
406 1153 506 1208 tamen
537 1147 661 1208 multam
693 1150 722 1208 ei
754 1167 770 1208 a
802 1167 850 1208 me
884 1148 1024 1230 salutem,
1057 1152 1098 1207 mi

104 1228 262 1296 ittersbusi
303 1234 352 1295 tu
377 1253 494 1315 quoque
517 1236 581 1297 vale
606 1244 636 1297 et
658 1255 705 1297 me
730 1256 795 1297 ama
819 1236 1022 1319 Gruterum,
1047 1239 1098 1315 qui

102 1318 147 1384 hee
164 1323 409 1405 praecipitabam

58 1514 62 1533 Ι
126 1442 437 1535 (Heidelbergae),
460 1450 508 1510 die
532 1447 583 1535 16,
603 1449 675 1510 Xbr.
696 1447 790 1512 1599.
814 1527 819 1537 ἱ

283 1725 342 1796 48.
374 1728 400 1796 Ι.
423 1728 583 1797 Gruterus
607 1731 637 1798 0.
661 1730 894 1798 Rittersbusio.

96 1854 370 1924 ffleidalbergae).
873 1860 914 1907 22.
935 1855 1000 1908 Dec.
1022 1861 1098 1910 1599.

137 1953 166 2014 S.
190 1954 274 2013 Ante
294 1950 362 2011 dies
388 1951 519 2028 quinque
543 1952 667 2009 memini
689 1968 737 2010 me
761 1949 816 2009 tibi
840 1951 982 2031 seribere,
1005 1954 1099 2011 amice

91 2045 243 2124 rarissime,
281 2039 335 2100 sed
368 2038 439 2100 dnm
472 2038 631 2099 admodum
662 2040 770 2100 festino
802 2057 900 2119 neque
933 2047 1034 2100 essent
1064 2040 1099 2100 ad

89 2149 193 2193 mnam
216 2131 331 2192 literae
353 2136 435 2211 tuae,
459 2130 652 2209 factumest,
679 2131 725 2189 uti
747 2128 857 2189 oblitus
881 2130 997 2208 suarim,
1021 2127 1101 2206 quod

89 2225 202 2282 mxime
222 2218 373 2300 volebam,
395 2237 483 2298 agere
504 2217 619 2278 scilicet
641 2217 734 2278 multo
754 2221 896 2278 maximas
915 2217 972 2277 tibi
991 2219 1100 2295 gratias

89 2309 115 2370 ob
133 2310 402 2372 transmissionem
424 2308 635 2368 Analeetorum
654 2307 780 2367 Pontani
803 2301 938 2387 illius²⁹⁷,
962 2309 1011 2367 oui
1033 2324 1100 2366 meo

87 2405 195 2462 nmine
214 2401 266 2460 uti
285 2399 376 2457 etiam
393 2397 502 2458 uberes
520 2415 591 2476 agas
609 2399 728 2476 gratias,
751 2396 913 2475 plurimum
931 2404 961 2456 te
981 2413 1099 2473 quaeso.

87 2487 225 2552 indicium
251 2487 333 2547 ferre
358 2486 394 2547 de
417 2490 529 2566 scripto
553 2486 604 2546 ilio
628 2486 755 2547 needum
774 2504 896 2564 possum
915 2492 1017 2563 utpote
1041 2501 1101 2542 non

86 2577 151 2640 lecto
175 2577 216 2639 ob
242 2575 304 2636 alia
328 2575 438 2657 studia,
466 2576 576 2656 quibus
599 2578 769 2654 immergor.
815 2575 908 2634 Totus
932 2576 1011 2634 enim
1035 2592 1101 2633 snm

86 2670 109 2727 in
129 2663 387 2745 inscriptionibus
410 2664 470 2725 illis
493 2667 634 2745 antiquiS,
663 2667 747 2743 sique
772 2663 986 2741 aliquantulum
1010 2666 1102 2723 inter-

85 2759 181 2840 iungo,
214 2754 310 2816 habet
337 2771 385 2813 me
413 2752 581 2814 Onosandri
608 2754 785 2833 Imperator,
818 2755 850 2811 in
878 2770 967 2831 quem
996 2753 1103 2813 molior

85 2856 162 2908 notas
180 2843 334 2925 politicas.
363 2842 506 2903 Putabam
526 2843 660 2904 futurum
682 2845 727 2902 uti
751 2860 819 2901 eum
839 2841 989 2920 vulgarem
1011 2858 1102 2919 pane-

84 2939 141 3016 gyn'
158 2935 311 3016 proxima.
349 2932 407 2992 Sed
427 2950 495 2993 oum
512 2932 564 2992 hie
582 2935 691 2992 iterum
711 2937 812 2992 essent
831 2929 1009 3008 sculpendae
1028 2929 1102 3006 figu-

84 3043 128 3086 rae
145 3032 213 3086 tres
235 3029 373 3103 quatuor,
397 3021 625 3082 Commeliniani
648 3027 784 3100 sumptus
802 3020 941 3080 videntur
965 3017 1102 3094 refugere

85 3133 113 3175 ae
132 3119 256 3176 iussere
281 3117 453 3192 expectare,
477 3111 549 3171 dum
571 3110 752 3190 Rigaitianas
776 3101 931 3188 figuras2⁹⁸
954 3106 1011 3166 levi
1034 3123 1102 3166 aere

85 3202 203 3266 Parisiis
238 3207 407 3264 evocarent.
455 3201 504 3261 Sio
531 3200 642 3279 pendet
673 3199 749 3258 fama
781 3206 882 3258 nostra
915 3194 951 3255 ab
981 3197 1103 3256 avaritia

85 3294 343 3375 typographorum.
391 3289 552 3350 Gloriolam
584 3293 693 3369 quippe
727 3287 894 3367 aucupabar
926 3284 1055 3365 aliquam
1088 3305 1104 3346 a

87 3379 226 3446 brevitate
245 3382 405 3462 temporis,
430 3397 488 3459 quo
508 3398 557 3440 eas
576 3387 662 3439 notas
682 3379 901 3456 concinnaram,
925 3394 993 3436 eum
1013 3374 1103 3436 Grae·

86 3473 164 3536 tulus
187 3473 238 3535 ille
262 3475 398 3554 primum
424 3468 572 3548 prodierit
599 3472 678 3528 intra
707 3484 818 3526 annum
841 3472 1012 3526 vertentem.
1059 3464 1104 3522 Tu

88 3564 110 3621 si
131 3582 188 3644 qna
210 3567 244 3626 in
268 3580 303 3624 re
328 3566 382 3622 aut
404 3558 460 3620 hae
483 3565 534 3619 aut
552 3557 601 3618 illa
620 3574 675 3617 nos
695 3557 795 3616 iuvare
815 3560 866 3615 ant
885 3572 990 3614 ornare
1009 3559 1103 3632 potes,
