<?xml version="1.0" encoding="UTF-8"?>
<!DOCTYPE html PUBLIC "-//W3C//DTD XHTML 1.0 Transitional//EN"
    "http://www.w3.org/TR/xhtml1/DTD/xhtml1-transitional.dtd">
<html xmlns="http://www.w3.org/1999/xhtml" xml:lang="en" lang="en">
 <head>
  <title>
</title>
<meta http-equiv="Content-Type" content="text/html;charset=utf-8" />
  <meta name='ocr-system' content='tesseract 3.04.00' />
  <meta name='ocr-capabilities' content='ocr_page ocr_carea ocr_par ocr_line ocrx_word'/>
</head>
<body>
  <div class='ocr_page' id='page_1' title='image "./virorumclarorum00thedgoog_0074.png"; bbox 0 0 2400 3966; ppageno 0'>
   <div class='ocr_carea' id='block_1_1' title="bbox 525 174 1103 247">
    <p class='ocr_par' dir='ltr' id='par_1_1' title="bbox 525 174 1103 247">
     <span class='ocr_line' id='line_1_1' title="bbox 525 174 1103 247; baseline -0.005 -15"><span class='ocrx_word' id='word_1_1' title='bbox 525 174 666 247; x_wconf 79' lang='lat' dir='ltr'>epistolae</span> <span class='ocrx_word' id='word_1_2' title='bbox 1059 177 1103 243; x_wconf 81' lang='lat'>55</span> 
     </span>
    </p>
   </div>
   <div class='ocr_carea' id='block_1_2' title="bbox 95 326 1105 858">
    <p class='ocr_par' dir='ltr' id='par_1_2' title="bbox 95 326 1105 858">
     <span class='ocr_line' id='line_1_2' title="bbox 100 326 1104 411; baseline 0 -20"><span class='ocrx_word' id='word_1_3' title='bbox 100 330 177 391; x_wconf 76' lang='lat' dir='ltr'>rbere</span> <span class='ocrx_word' id='word_1_4' title='bbox 197 329 305 411; x_wconf 88' lang='lat' dir='ltr'>iubeo,</span> <span class='ocrx_word' id='word_1_5' title='bbox 332 336 472 408; x_wconf 89' lang='lat' dir='ltr'>quorum</span> <span class='ocrx_word' id='word_1_6' title='bbox 495 326 619 388; x_wconf 86' lang='lat' dir='ltr'>Plautus</span> <span class='ocrx_word' id='word_1_7' title='bbox 642 328 737 390; x_wconf 87' lang='lat' dir='ltr'>adbuc</span> <span class='ocrx_word' id='word_1_8' title='bbox 761 328 838 408; x_wconf 93' lang='lat' dir='ltr'>apud</span> <span class='ocrx_word' id='word_1_9' title='bbox 862 346 910 388; x_wconf 92' lang='lat' dir='ltr'>me</span> <span class='ocrx_word' id='word_1_10' title='bbox 930 329 1025 410; x_wconf 75' lang='lat' dir='ltr'>deser,</span> <span class='ocrx_word' id='word_1_11' title='bbox 1048 348 1104 391; x_wconf 90' lang='lat' dir='ltr'>nec</span> 
     </span>
     <span class='ocr_line' id='line_1_3' title="bbox 98 418 1103 502; baseline -0.001 -22"><span class='ocrx_word' id='word_1_12' title='bbox 98 439 182 502; x_wconf 76' lang='lat' dir='ltr'>uerso,</span> <span class='ocrx_word' id='word_1_13' title='bbox 204 438 279 480; x_wconf 91' lang='lat' dir='ltr'>cum</span> <span class='ocrx_word' id='word_1_14' title='bbox 305 436 362 479; x_wconf 90' lang='lat' dir='ltr'>me</span> <span class='ocrx_word' id='word_1_15' title='bbox 389 435 490 497; x_wconf 81' lang='lat' dir='ltr'>nuper</span> <span class='ocrx_word' id='word_1_16' title='bbox 513 420 681 478; x_wconf 85' lang='lat' dir='ltr'>excusarim</span> <span class='ocrx_word' id='word_1_17' title='bbox 704 424 734 478; x_wconf 93' lang='lat' dir='ltr'>et</span> <span class='ocrx_word' id='word_1_18' title='bbox 752 418 914 497; x_wconf 75' lang='lat' dir='ltr'>placuerim</span> <span class='ocrx_word' id='word_1_19' title='bbox 937 421 968 478; x_wconf 91' lang='lat' dir='ltr'>in</span> <span class='ocrx_word' id='word_1_20' title='bbox 988 438 1023 478; x_wconf 91' lang='lat' dir='ltr'>eo</span> <span class='ocrx_word' id='word_1_21' title='bbox 1042 419 1103 480; x_wconf 82' lang='lat' dir='ltr'>filio</span> 
     </span>
     <span class='ocr_line' id='line_1_4' title="bbox 98 506 1105 592; baseline -0.002 -22"><span class='ocrx_word' id='word_1_22' title='bbox 98 509 244 592; x_wconf 73' lang='lat' dir='ltr'>temerario,</span> <span class='ocrx_word' id='word_1_23' title='bbox 270 510 332 587; x_wconf 89' lang='lat' dir='ltr'>qui</span> <span class='ocrx_word' id='word_1_24' title='bbox 357 524 446 567; x_wconf 90' lang='lat' dir='ltr'>nuno</span> <span class='ocrx_word' id='word_1_25' title='bbox 469 506 584 585; x_wconf 79' lang='lat' dir='ltr'>Spirae.</span> <span class='ocrx_word' id='word_1_26' title='bbox 629 506 688 567; x_wconf 90' lang='lat' dir='ltr'>Sed</span> <span class='ocrx_word' id='word_1_27' title='bbox 710 509 771 567; x_wconf 92' lang='lat' dir='ltr'>iam</span> <span class='ocrx_word' id='word_1_28' title='bbox 793 525 888 588; x_wconf 79' lang='lat' dir='ltr'>cesso,</span> <span class='ocrx_word' id='word_1_29' title='bbox 912 507 984 567; x_wconf 92' lang='lat' dir='ltr'>adeo</span> <span class='ocrx_word' id='word_1_30' title='bbox 1008 507 1105 568; x_wconf 89' lang='lat' dir='ltr'>lassus</span> 
     </span>
     <span class='ocr_line' id='line_1_5' title="bbox 97 594 1105 680; baseline -0.002 -21"><span class='ocrx_word' id='word_1_31' title='bbox 97 598 246 680; x_wconf 79' lang='lat' dir='ltr'>scribendis,</span> <span class='ocrx_word' id='word_1_32' title='bbox 283 597 370 658; x_wconf 92' lang='lat' dir='ltr'>adeo</span> <span class='ocrx_word' id='word_1_33' title='bbox 398 594 541 674; x_wconf 79' lang='lat' dir='ltr'>turgidus</span> <span class='ocrx_word' id='word_1_34' title='bbox 569 596 745 677; x_wconf 79' lang='lat' dir='ltr'><strong>cogitandis,</strong></span> <span class='ocrx_word' id='word_1_35' title='bbox 777 604 811 656; x_wconf 93' lang='lat' dir='ltr'>ut</span> <span class='ocrx_word' id='word_1_36' title='bbox 837 615 893 656; x_wconf 90' lang='lat' dir='ltr'>nec</span> <span class='ocrx_word' id='word_1_37' title='bbox 921 614 1026 657; x_wconf 89' lang='lat' dir='ltr'>manus</span> <span class='ocrx_word' id='word_1_38' title='bbox 1050 616 1105 658; x_wconf 89' lang='lat' dir='ltr'>nec</span> 
     </span>
     <span class='ocr_line' id='line_1_6' title="bbox 97 682 1104 768; baseline -0.004 -19"><span class='ocrx_word' id='word_1_39' title='bbox 97 696 156 767; x_wconf 76' lang='lat' dir='ltr'>aput</span> <span class='ocrx_word' id='word_1_40' title='bbox 175 688 258 768; x_wconf 91' lang='lat' dir='ltr'>apud</span> <span class='ocrx_word' id='word_1_41' title='bbox 291 704 330 746; x_wconf 90' lang='lat' dir='ltr'>se</span> <span class='ocrx_word' id='word_1_42' title='bbox 356 687 431 745; x_wconf 89' lang='lat' dir='ltr'>sint.</span> <span class='ocrx_word' id='word_1_43' title='bbox 478 682 576 755; x_wconf 81' lang='lat' dir='ltr'>Quare</span> <span class='ocrx_word' id='word_1_44' title='bbox 604 702 713 745; x_wconf 84' lang='lat' dir='ltr'>excusa</span> <span class='ocrx_word' id='word_1_45' title='bbox 741 684 922 766; x_wconf 84' lang='lat' dir='ltr'>barbariem,</span> <span class='ocrx_word' id='word_1_46' title='bbox 952 686 1104 746; x_wconf 86' lang='lat' dir='ltr'>solennem</span> 
     </span>
     <span class='ocr_line' id='line_1_7' title="bbox 95 772 1018 858; baseline -0.004 -20"><span class='ocrx_word' id='word_1_47' title='bbox 95 777 214 838; x_wconf 82' lang='lat' dir='ltr'>etiamad</span> <span class='ocrx_word' id='word_1_48' title='bbox 238 784 286 858; x_wconf 87' lang='lat' dir='ltr'>te,</span> <span class='ocrx_word' id='word_1_49' title='bbox 312 781 348 836; x_wconf 82' lang='lat' dir='ltr'>a&#39;t</span> <span class='ocrx_word' id='word_1_50' title='bbox 373 792 457 835; x_wconf 89' lang='lat' dir='ltr'>nunc</span> <span class='ocrx_word' id='word_1_51' title='bbox 479 772 567 852; x_wconf 91' lang='lat' dir='ltr'>plane</span> <span class='ocrx_word' id='word_1_52' title='bbox 589 781 672 834; x_wconf 84' lang='lat' dir='ltr'>extra</span> <span class='ocrx_word' id='word_1_53' title='bbox 696 773 831 834; x_wconf 80' lang='lat' dir='ltr'>ordinem</span> <span class='ocrx_word' id='word_1_54' title='bbox 854 774 1018 835; x_wconf 89' lang='lat' dir='ltr'>barbaram.</span> 
     </span>
    </p>
   </div>
   <div class='ocr_carea' id='block_1_3' title="bbox 119 873 801 966">
    <p class='ocr_par' dir='ltr' id='par_1_3' title="bbox 119 873 801 966">
     <span class='ocr_line' id='line_1_8' title="bbox 119 873 801 966; baseline -0.007 -21"><span class='ocrx_word' id='word_1_55' title='bbox 119 883 291 966; x_wconf 87' lang='lat' dir='ltr'>lleidelb.,</span> <span class='ocrx_word' id='word_1_56' title='bbox 317 882 372 943; x_wconf 92' lang='lat' dir='ltr'>die</span> <span class='ocrx_word' id='word_1_57' title='bbox 399 876 451 942; x_wconf 88' lang='lat'>10.</span> <span class='ocrx_word' id='word_1_58' title='bbox 472 879 655 958; x_wconf 79' lang='lat' dir='ltr'>Septembris</span> <span class='ocrx_word' id='word_1_59' title='bbox 674 873 801 965; x_wconf 81' lang='lat'>(1596).</span> 
     </span>
    </p>
   </div>
   <div class='ocr_carea' id='block_1_4' title="bbox 282 1159 900 1234">
    <p class='ocr_par' dir='ltr' id='par_1_4' title="bbox 282 1159 900 1234">
     <span class='ocr_line' id='line_1_9' title="bbox 282 1159 900 1234; baseline 0.002 -6"><span class='ocrx_word' id='word_1_60' title='bbox 282 1159 342 1230; x_wconf 77' lang='lat'>43.</span> <span class='ocrx_word' id='word_1_61' title='bbox 374 1160 403 1228; x_wconf 94' lang='grc' dir='ltr'>Ι.</span> <span class='ocrx_word' id='word_1_62' title='bbox 428 1159 586 1234; x_wconf 78' lang='lat' dir='ltr'>Gruterus</span> <span class='ocrx_word' id='word_1_63' title='bbox 611 1160 642 1229; x_wconf 84' lang='lat'>0.</span> <span class='ocrx_word' id='word_1_64' title='bbox 663 1159 900 1229; x_wconf 87' lang='lat' dir='ltr'>Rittorsbusio.</span> 
     </span>
    </p>
   </div>
   <div class='ocr_carea' id='block_1_5' title="bbox 90 1304 1104 1374">
    <p class='ocr_par' dir='ltr' id='par_1_5' title="bbox 90 1304 1104 1374">
     <span class='ocr_line' id='line_1_10' title="bbox 90 1304 1104 1374; baseline -0.003 -14"><span class='ocrx_word' id='word_1_65' title='bbox 90 1306 355 1374; x_wconf 78' lang='lat' dir='ltr'>Heidelbergae.</span> <span class='ocrx_word' id='word_1_66' title='bbox 866 1309 909 1358; x_wconf 81' lang='lat'>28.</span> <span class='ocrx_word' id='word_1_67' title='bbox 930 1304 1005 1372; x_wconf 89' lang='lat' dir='ltr'>Sept.</span> <span class='ocrx_word' id='word_1_68' title='bbox 1027 1309 1104 1357; x_wconf 83' lang='lat'>1596.</span> 
     </span>
    </p>
   </div>
   <div class='ocr_carea' id='block_1_6' title="bbox 43 1392 1109 3616">
    <p class='ocr_par' dir='ltr' id='par_1_6' title="bbox 43 1392 1109 3616">
     <span class='ocr_line' id='line_1_11' title="bbox 139 1392 1105 1479; baseline -0.003 -15"><span class='ocrx_word' id='word_1_69' title='bbox 139 1405 167 1464; x_wconf 90' lang='lat' dir='ltr'>S.</span> <span class='ocrx_word' id='word_1_70' title='bbox 181 1402 217 1464; x_wconf 89' lang='lat' dir='ltr'>P.</span> <span class='ocrx_word' id='word_1_71' title='bbox 243 1399 423 1479; x_wconf 75' lang='lat' dir='ltr'>Adolpbum</span> <span class='ocrx_word' id='word_1_72' title='bbox 436 1407 522 1460; x_wconf 92' lang='lat' dir='ltr'>tuum</span> <span class='ocrx_word' id='word_1_73' title='bbox 535 1392 716 1460; x_wconf 54' lang='grc' dir='ltr'>Βοεεῐίιιιηῖ61</span> <span class='ocrx_word' id='word_1_74' title='bbox 730 1399 859 1460; x_wconf 84' lang='lat' dir='ltr'>libenter</span> <span class='ocrx_word' id='word_1_75' title='bbox 872 1401 933 1460; x_wconf 85' lang='lat' dir='ltr'>vidi</span> <span class='ocrx_word' id='word_1_76' title='bbox 948 1403 1105 1479; x_wconf 86' lang='lat' dir='ltr'>omniaque</span> 
     </span>
     <span class='ocr_line' id='line_1_12' title="bbox 89 1488 1106 1569; baseline -0.002 -17"><span class='ocrx_word' id='word_1_77' title='bbox 89 1494 109 1552; x_wconf 86' lang='lat' dir='ltr'>ei</span> <span class='ocrx_word' id='word_1_78' title='bbox 127 1501 155 1554; x_wconf 91' lang='lat' dir='ltr'>et</span> <span class='ocrx_word' id='word_1_79' title='bbox 177 1492 289 1552; x_wconf 87' lang='lat' dir='ltr'>olfieia</span> <span class='ocrx_word' id='word_1_80' title='bbox 313 1507 382 1549; x_wconf 89' lang='lat' dir='ltr'>mea</span> <span class='ocrx_word' id='word_1_81' title='bbox 405 1496 437 1549; x_wconf 90' lang='lat' dir='ltr'>et</span> <span class='ocrx_word' id='word_1_82' title='bbox 459 1488 556 1549; x_wconf 90' lang='lat' dir='ltr'>studia</span> <span class='ocrx_word' id='word_1_83' title='bbox 579 1488 659 1567; x_wconf 84' lang='lat' dir='ltr'>large</span> <span class='ocrx_word' id='word_1_84' title='bbox 684 1488 777 1549; x_wconf 91' lang='lat' dir='ltr'>detuli</span> <span class='ocrx_word' id='word_1_85' title='bbox 795 1508 851 1551; x_wconf 90' lang='lat' dir='ltr'>nec</span> <span class='ocrx_word' id='word_1_86' title='bbox 871 1492 1029 1569; x_wconf 90' lang='lat' dir='ltr'>quicquam</span> <span class='ocrx_word' id='word_1_87' title='bbox 1048 1494 1106 1550; x_wconf 90' lang='lat' dir='ltr'>erit</span> 
     </span>
     <span class='ocr_line' id='line_1_13' title="bbox 88 1570 1106 1661; baseline 0 -21"><span class='ocrx_word' id='word_1_88' title='bbox 88 1581 149 1642; x_wconf 89' lang='lat' dir='ltr'>mibi</span> <span class='ocrx_word' id='word_1_89' title='bbox 171 1574 309 1661; x_wconf 82' lang='lat' dir='ltr'>gratius,</span> <span class='ocrx_word' id='word_1_90' title='bbox 335 1595 423 1656; x_wconf 90' lang='lat' dir='ltr'>quam</span> <span class='ocrx_word' id='word_1_91' title='bbox 448 1579 474 1637; x_wconf 89' lang='lat' dir='ltr'>si</span> <span class='ocrx_word' id='word_1_92' title='bbox 493 1596 566 1660; x_wconf 84' lang='lat' dir='ltr'>eam,</span> <span class='ocrx_word' id='word_1_93' title='bbox 590 1597 648 1657; x_wconf 90' lang='lat' dir='ltr'>qua</span> <span class='ocrx_word' id='word_1_94' title='bbox 666 1584 765 1638; x_wconf 91' lang='lat' dir='ltr'>tecum</span> <span class='ocrx_word' id='word_1_95' title='bbox 785 1597 857 1639; x_wconf 89' lang='lat' dir='ltr'>usus</span> <span class='ocrx_word' id='word_1_96' title='bbox 876 1570 931 1659; x_wconf 83' lang='lat' dir='ltr'>est,</span> <span class='ocrx_word' id='word_1_97' title='bbox 955 1578 1106 1640; x_wconf 82' lang='lat' dir='ltr'>familiari-</span> 
     </span>
     <span class='ocr_line' id='line_1_14' title="bbox 87 1667 1106 1746; baseline 0.001 -17"><span class='ocrx_word' id='word_1_98' title='bbox 87 1679 166 1731; x_wconf 82' lang='lat' dir='ltr'>tatem</span> <span class='ocrx_word' id='word_1_99' title='bbox 185 1686 317 1730; x_wconf 90' lang='lat' dir='ltr'>meeum</span> <span class='ocrx_word' id='word_1_100' title='bbox 337 1669 532 1728; x_wconf 87' lang='lat' dir='ltr'>constituerit.</span> <span class='ocrx_word' id='word_1_101' title='bbox 555 1667 678 1727; x_wconf 89' lang='lat' dir='ltr'>Interim</span> <span class='ocrx_word' id='word_1_102' title='bbox 696 1674 794 1727; x_wconf 91' lang='lat' dir='ltr'>tamen</span> <span class='ocrx_word' id='word_1_103' title='bbox 814 1687 848 1726; x_wconf 82' lang='lat' dir='ltr'>ex</span> <span class='ocrx_word' id='word_1_104' title='bbox 870 1687 928 1746; x_wconf 91' lang='lat' dir='ltr'>quo</span> <span class='ocrx_word' id='word_1_105' title='bbox 947 1676 1013 1728; x_wconf 89' lang='lat' dir='ltr'>tuas</span> <span class='ocrx_word' id='word_1_106' title='bbox 1033 1671 1106 1730; x_wconf 90' lang='lat' dir='ltr'>mihi</span> 
     </span>
     <span class='ocr_line' id='line_1_15' title="bbox 43 1754 1106 1840; baseline 0.001 -21"><span class='ocrx_word' id='word_1_107' title='bbox 43 1774 45 1783; x_wconf 91' lang='grc'><em>·</em></span> <span class='ocrx_word' id='word_1_108' title='bbox 86 1759 199 1840; x_wconf 86' lang='lat' dir='ltr'>detulit,</span> <span class='ocrx_word' id='word_1_109' title='bbox 228 1757 338 1819; x_wconf 89' lang='lat' dir='ltr'>nullus</span> <span class='ocrx_word' id='word_1_110' title='bbox 364 1773 432 1816; x_wconf 90' lang='lat' dir='ltr'>eum</span> <span class='ocrx_word' id='word_1_111' title='bbox 459 1755 527 1816; x_wconf 86' lang='lat' dir='ltr'>vidi.</span> <span class='ocrx_word' id='word_1_112' title='bbox 573 1754 748 1835; x_wconf 85' lang='lat' dir='ltr'>Exemplum</span> <span class='ocrx_word' id='word_1_113' title='bbox 771 1755 983 1817; x_wconf 88' lang='lat' dir='ltr'>Verisimilium</span> <span class='ocrx_word' id='word_1_114' title='bbox 1008 1757 1106 1838; x_wconf 90' lang='lat' dir='ltr'>lepide</span> 
     </span>
     <span class='ocr_line' id='line_1_16' title="bbox 86 1844 1106 1927; baseline -0.002 -18"><span class='ocrx_word' id='word_1_115' title='bbox 86 1867 125 1909; x_wconf 90' lang='lat' dir='ltr'>me</span> <span class='ocrx_word' id='word_1_116' title='bbox 148 1849 260 1909; x_wconf 77' lang='lat' dir='ltr'>affecit</span> <span class='ocrx_word' id='word_1_117' title='bbox 283 1853 316 1906; x_wconf 92' lang='lat' dir='ltr'>et</span> <span class='ocrx_word' id='word_1_118' title='bbox 339 1853 409 1905; x_wconf 90' lang='lat' dir='ltr'>suut</span> <span class='ocrx_word' id='word_1_119' title='bbox 431 1844 522 1905; x_wconf 91' lang='lat' dir='ltr'>multa</span> <span class='ocrx_word' id='word_1_120' title='bbox 546 1847 577 1904; x_wconf 93' lang='lat' dir='ltr'>in</span> <span class='ocrx_word' id='word_1_121' title='bbox 601 1863 646 1925; x_wconf 86' lang='lat' dir='ltr'>eo,</span> <span class='ocrx_word' id='word_1_122' title='bbox 670 1845 707 1905; x_wconf 94' lang='lat' dir='ltr'>ob</span> <span class='ocrx_word' id='word_1_123' title='bbox 731 1863 806 1923; x_wconf 90' lang='lat' dir='ltr'>quae</span> <span class='ocrx_word' id='word_1_124' title='bbox 830 1864 933 1906; x_wconf 90' lang='lat' dir='ltr'>omnes</span> <span class='ocrx_word' id='word_1_125' title='bbox 957 1846 1106 1927; x_wconf 89' lang='lat' dir='ltr'>Scboppio</span> 
     </span>
     <span class='ocr_line' id='line_1_17' title="bbox 85 1933 1107 2015; baseline 0 -18"><span class='ocrx_word' id='word_1_126' title='bbox 85 1937 209 1999; x_wconf 90' lang='lat' dir='ltr'>multum</span> <span class='ocrx_word' id='word_1_127' title='bbox 235 1934 411 2015; x_wconf 90' lang='lat' dir='ltr'>debeamus,</span> <span class='ocrx_word' id='word_1_128' title='bbox 433 1936 610 2013; x_wconf 91' lang='lat' dir='ltr'>praesertim</span> <span class='ocrx_word' id='word_1_129' title='bbox 634 1934 713 2013; x_wconf 86' lang='lat' dir='ltr'>quod</span> <span class='ocrx_word' id='word_1_130' title='bbox 737 1933 800 1994; x_wconf 90' lang='lat' dir='ltr'>loca</span> <span class='ocrx_word' id='word_1_131' title='bbox 823 1934 915 1995; x_wconf 91' lang='lat' dir='ltr'>multa</span> <span class='ocrx_word' id='word_1_132' title='bbox 939 1935 1107 2015; x_wconf 83' lang='lat' dir='ltr'>Symmachi</span> 
     </span>
     <span class='ocr_line' id='line_1_18' title="bbox 85 2023 1106 2103; baseline 0.001 -18"><span class='ocrx_word' id='word_1_133' title='bbox 85 2027 186 2088; x_wconf 89' lang='lat' dir='ltr'>mutila</span> <span class='ocrx_word' id='word_1_134' title='bbox 210 2033 246 2086; x_wconf 91' lang='lat' dir='ltr'>et</span> <span class='ocrx_word' id='word_1_135' title='bbox 270 2042 374 2084; x_wconf 89' lang='lat' dir='ltr'>manca</span> <span class='ocrx_word' id='word_1_136' title='bbox 398 2026 523 2083; x_wconf 85' lang='lat' dir='ltr'>resarcit</span> <span class='ocrx_word' id='word_1_137' title='bbox 546 2030 576 2084; x_wconf 89' lang='lat' dir='ltr'>et</span> <span class='ocrx_word' id='word_1_138' title='bbox 598 2026 726 2102; x_wconf 84' lang='lat' dir='ltr'>integrat</span> <span class='ocrx_word' id='word_1_139' title='bbox 748 2023 915 2103; x_wconf 76' lang='lat' dir='ltr'>Aesculapii</span> <span class='ocrx_word' id='word_1_140' title='bbox 942 2044 1003 2085; x_wconf 94' lang='lat' dir='ltr'>non</span> <span class='ocrx_word' id='word_1_141' title='bbox 1026 2027 1106 2086; x_wconf 89' lang='lat' dir='ltr'>lalla-</span> 
     </span>
     <span class='ocr_line' id='line_1_19' title="bbox 85 2111 1106 2196; baseline -0.001 -20"><span class='ocrx_word' id='word_1_142' title='bbox 85 2117 123 2176; x_wconf 88' lang='lat' dir='ltr'>cis</span> <span class='ocrx_word' id='word_1_143' title='bbox 146 2133 219 2196; x_wconf 89' lang='lat' dir='ltr'>ope,</span> <span class='ocrx_word' id='word_1_144' title='bbox 244 2113 398 2173; x_wconf 85' lang='lat' dir='ltr'>ltlStorum</span> <span class='ocrx_word' id='word_1_145' title='bbox 417 2111 538 2173; x_wconf 88' lang='lat' dir='ltr'>scilicet.</span> <span class='ocrx_word' id='word_1_146' title='bbox 572 2112 631 2173; x_wconf 90' lang='lat' dir='ltr'>Sed</span> <span class='ocrx_word' id='word_1_147' title='bbox 655 2120 685 2172; x_wconf 91' lang='lat' dir='ltr'>et</span> <span class='ocrx_word' id='word_1_148' title='bbox 704 2131 758 2190; x_wconf 83' lang='lat' dir='ltr'>ego</span> <span class='ocrx_word' id='word_1_149' title='bbox 777 2113 968 2191; x_wconf 88' lang='lat' dir='ltr'>peculiariter</span> <span class='ocrx_word' id='word_1_150' title='bbox 990 2117 1021 2175; x_wconf 92' lang='lat' dir='ltr'>in</span> <span class='ocrx_word' id='word_1_151' title='bbox 1041 2119 1106 2175; x_wconf 90' lang='lat' dir='ltr'>eius</span> 
     </span>
     <span class='ocr_line' id='line_1_20' title="bbox 85 2195 1107 2284; baseline 0 -21"><span class='ocrx_word' id='word_1_152' title='bbox 85 2223 148 2266; x_wconf 90' lang='lat' dir='ltr'>acre</span> <span class='ocrx_word' id='word_1_153' title='bbox 185 2203 227 2263; x_wconf 96' lang='lat' dir='ltr'>ob</span> <span class='ocrx_word' id='word_1_154' title='bbox 262 2203 352 2262; x_wconf 88' lang='lat' dir='ltr'>unius</span> <span class='ocrx_word' id='word_1_155' title='bbox 383 2200 454 2260; x_wconf 90' lang='lat' dir='ltr'>libri</span> <span class='ocrx_word' id='word_1_156' title='bbox 489 2195 777 2284; x_wconf 72' lang='lat' dir='ltr'>inscriptionem2⁶²,</span> <span class='ocrx_word' id='word_1_157' title='bbox 814 2221 872 2281; x_wconf 91' lang='lat' dir='ltr'>qua</span> <span class='ocrx_word' id='word_1_158' title='bbox 904 2222 951 2262; x_wconf 92' lang='lat' dir='ltr'>me</span> <span class='ocrx_word' id='word_1_159' title='bbox 985 2206 1011 2263; x_wconf 92' lang='lat' dir='ltr'>si</span> <span class='ocrx_word' id='word_1_160' title='bbox 1048 2223 1107 2264; x_wconf 93' lang='lat' dir='ltr'>non</span> 
     </span>
     <span class='ocr_line' id='line_1_21' title="bbox 85 2289 1107 2373; baseline 0.001 -21"><span class='ocrx_word' id='word_1_161' title='bbox 85 2294 263 2373; x_wconf 82' lang='lat' dir='ltr'>aeternavit,</span> <span class='ocrx_word' id='word_1_162' title='bbox 286 2289 484 2350; x_wconf 87' lang='lat' dir='ltr'>immortalem</span> <span class='ocrx_word' id='word_1_163' title='bbox 505 2298 605 2350; x_wconf 91' lang='lat' dir='ltr'>tamen</span> <span class='ocrx_word' id='word_1_164' title='bbox 628 2291 753 2351; x_wconf 88' lang='lat' dir='ltr'>reddere</span> <span class='ocrx_word' id='word_1_165' title='bbox 776 2291 876 2351; x_wconf 85' lang='lat' dir='ltr'>voluit.</span> <span class='ocrx_word' id='word_1_166' title='bbox 923 2292 960 2352; x_wconf 77' lang='lat' dir='ltr'>At</span> <span class='ocrx_word' id='word_1_167' title='bbox 983 2312 1017 2353; x_wconf 91' lang='lat' dir='ltr'>eo</span> <span class='ocrx_word' id='word_1_168' title='bbox 1042 2296 1107 2372; x_wconf 90' lang='lat' dir='ltr'>ipso</span> 
     </span>
     <span class='ocr_line' id='line_1_22' title="bbox 85 2378 1106 2460; baseline 0 -18"><span class='ocrx_word' id='word_1_169' title='bbox 85 2391 142 2442; x_wconf 89' lang='lat' dir='ltr'>tam</span> <span class='ocrx_word' id='word_1_170' title='bbox 159 2400 212 2442; x_wconf 91' lang='lat' dir='ltr'>me</span> <span class='ocrx_word' id='word_1_171' title='bbox 223 2381 321 2440; x_wconf 74' lang='lat' dir='ltr'>fateor</span> <span class='ocrx_word' id='word_1_172' title='bbox 329 2378 466 2439; x_wconf 79' lang='lat' dir='ltr'>vadatum</span> <span class='ocrx_word' id='word_1_173' title='bbox 481 2382 583 2459; x_wconf 83' lang='lat' dir='ltr'>gratia,</span> <span class='ocrx_word' id='word_1_174' title='bbox 597 2398 653 2440; x_wconf 93' lang='lat' dir='ltr'>ceu</span> <span class='ocrx_word' id='word_1_175' title='bbox 663 2387 779 2458; x_wconf 90' lang='lat' dir='ltr'>sperata</span> <span class='ocrx_word' id='word_1_176' title='bbox 789 2382 848 2440; x_wconf 89' lang='lat' dir='ltr'>iam</span> <span class='ocrx_word' id='word_1_177' title='bbox 863 2381 951 2440; x_wconf 92' lang='lat' dir='ltr'>modo</span> <span class='ocrx_word' id='word_1_178' title='bbox 965 2383 1106 2460; x_wconf 81' lang='lat' dir='ltr'>perfecis-</span> 
     </span>
     <span class='ocr_line' id='line_1_23' title="bbox 86 2464 1106 2550; baseline -0.003 -17"><span class='ocrx_word' id='word_1_179' title='bbox 86 2481 136 2533; x_wconf 91' lang='lat' dir='ltr'>set.</span> <span class='ocrx_word' id='word_1_180' title='bbox 162 2472 242 2532; x_wconf 89' lang='lat' dir='ltr'>Voto</span> <span class='ocrx_word' id='word_1_181' title='bbox 257 2471 347 2550; x_wconf 86' lang='lat' dir='ltr'>enim,</span> <span class='ocrx_word' id='word_1_182' title='bbox 360 2474 395 2528; x_wconf 91' lang='lat' dir='ltr'>ut</span> <span class='ocrx_word' id='word_1_183' title='bbox 408 2464 561 2549; x_wconf 87' lang='lat' dir='ltr'>ali&lt;cu&gt;bi</span> <span class='ocrx_word' id='word_1_184' title='bbox 575 2469 707 2548; x_wconf 91' lang='lat' dir='ltr'>loquitur</span> <span class='ocrx_word' id='word_1_185' title='bbox 721 2471 888 2548; x_wconf 89' lang='lat' dir='ltr'>praelectus</span> <span class='ocrx_word' id='word_1_186' title='bbox 904 2470 952 2529; x_wconf 90' lang='lat' dir='ltr'>ille</span> <span class='ocrx_word' id='word_1_187' title='bbox 969 2464 1106 2550; x_wconf 76' lang='lat' dir='ltr'>urbis²⁶³‚</span> 
     </span>
     <span class='ocr_line' id='line_1_24' title="bbox 86 2558 1107 2641; baseline 0 -21"><span class='ocrx_word' id='word_1_188' title='bbox 86 2562 230 2641; x_wconf 81' lang='lat' dir='ltr'>laventis,</span> <span class='ocrx_word' id='word_1_189' title='bbox 256 2576 318 2618; x_wconf 91' lang='lat' dir='ltr'>nou</span> <span class='ocrx_word' id='word_1_190' title='bbox 346 2560 428 2618; x_wconf 84' lang='lat' dir='ltr'>exitu</span> <span class='ocrx_word' id='word_1_191' title='bbox 454 2560 500 2618; x_wconf 87' lang='lat' dir='ltr'>rei</span> <span class='ocrx_word' id='word_1_192' title='bbox 527 2558 700 2637; x_wconf 86' lang='lat' dir='ltr'>obligamur.</span> <span class='ocrx_word' id='word_1_193' title='bbox 746 2559 847 2637; x_wconf 90' lang='lat' dir='ltr'>ltaque</span> <span class='ocrx_word' id='word_1_194' title='bbox 879 2559 1045 2637; x_wconf 88' lang='lat' dir='ltr'>siquando</span> <span class='ocrx_word' id='word_1_195' title='bbox 1070 2561 1107 2621; x_wconf 88' lang='lat' dir='ltr'>ad</span> 
     </span>
     <span class='ocr_line' id='line_1_25' title="bbox 86 2647 1107 2727; baseline -0.002 -17"><span class='ocrx_word' id='word_1_196' title='bbox 86 2669 155 2710; x_wconf 92' lang='lat' dir='ltr'>eum</span> <span class='ocrx_word' id='word_1_197' title='bbox 174 2647 331 2723; x_wconf 85' lang='lat' dir='ltr'>scribendi</span> <span class='ocrx_word' id='word_1_198' title='bbox 354 2649 480 2727; x_wconf 85' lang='lat' dir='ltr'>occasio,</span> <span class='ocrx_word' id='word_1_199' title='bbox 501 2647 590 2707; x_wconf 84' lang='lat' dir='ltr'>relirn</span> <span class='ocrx_word' id='word_1_200' title='bbox 609 2651 667 2727; x_wconf 91' lang='lat' dir='ltr'>ipsi</span> <span class='ocrx_word' id='word_1_201' title='bbox 686 2648 829 2726; x_wconf 89' lang='lat' dir='ltr'>plurimas</span> <span class='ocrx_word' id='word_1_202' title='bbox 853 2667 935 2708; x_wconf 91' lang='lat' dir='ltr'>ame</span> <span class='ocrx_word' id='word_1_203' title='bbox 960 2667 1107 2710; x_wconf 89' lang='lat' dir='ltr'>memores</span> 
     </span>
     <span class='ocr_line' id='line_1_26' title="bbox 87 2735 1108 2818; baseline 0 -19"><span class='ocrx_word' id='word_1_204' title='bbox 87 2742 197 2818; x_wconf 84' lang='lat' dir='ltr'>gratias</span> <span class='ocrx_word' id='word_1_205' title='bbox 219 2739 410 2815; x_wconf 90' lang='lat' dir='ltr'>animumque</span> <span class='ocrx_word' id='word_1_206' title='bbox 429 2735 605 2797; x_wconf 89' lang='lat' dir='ltr'>benevolum</span> <span class='ocrx_word' id='word_1_207' title='bbox 625 2745 655 2797; x_wconf 91' lang='lat' dir='ltr'>et</span> <span class='ocrx_word' id='word_1_208' title='bbox 672 2737 814 2816; x_wconf 90' lang='lat' dir='ltr'>quicquid</span> <span class='ocrx_word' id='word_1_209' title='bbox 833 2746 987 2816; x_wconf 89' lang='lat' dir='ltr'>praeterea</span> <span class='ocrx_word' id='word_1_210' title='bbox 1002 2739 1037 2798; x_wconf 89' lang='lat' dir='ltr'>ab</span> <span class='ocrx_word' id='word_1_211' title='bbox 1053 2739 1108 2799; x_wconf 90' lang='lat' dir='ltr'>hac</span> 
     </span>
     <span class='ocr_line' id='line_1_27' title="bbox 87 2825 1109 2906; baseline -0.004 -17"><span class='ocrx_word' id='word_1_212' title='bbox 87 2847 153 2888; x_wconf 90' lang='lat' dir='ltr'>mea</span> <span class='ocrx_word' id='word_1_213' title='bbox 166 2829 316 2889; x_wconf 90' lang='lat' dir='ltr'>tenuitate</span> <span class='ocrx_word' id='word_1_214' title='bbox 335 2826 485 2905; x_wconf 87' lang='lat' dir='ltr'>proticisci</span> <span class='ocrx_word' id='word_1_215' title='bbox 503 2833 611 2905; x_wconf 89' lang='lat' dir='ltr'>potest.</span> <span class='ocrx_word' id='word_1_216' title='bbox 648 2825 757 2887; x_wconf 81' lang='lat' dir='ltr'>Liberis</span> <span class='ocrx_word' id='word_1_217' title='bbox 771 2827 973 2906; x_wconf 88' lang='lat' dir='ltr'>peculiaribus</span> <span class='ocrx_word' id='word_1_218' title='bbox 988 2827 1023 2886; x_wconf 91' lang='lat' dir='ltr'>ad</span> <span class='ocrx_word' id='word_1_219' title='bbox 1039 2846 1109 2887; x_wconf 93' lang='lat' dir='ltr'>eum</span> 
     </span>
     <span class='ocr_line' id='line_1_28' title="bbox 88 2913 1108 2997; baseline -0.005 -19"><span class='ocrx_word' id='word_1_220' title='bbox 88 2936 168 2978; x_wconf 93' lang='lat' dir='ltr'>nuuc</span> <span class='ocrx_word' id='word_1_221' title='bbox 186 2919 297 2997; x_wconf 86' lang='lat' dir='ltr'>issem,</span> <span class='ocrx_word' id='word_1_222' title='bbox 321 2917 381 2975; x_wconf 90' lang='lat' dir='ltr'>nisi</span> <span class='ocrx_word' id='word_1_223' title='bbox 406 2915 576 2974; x_wconf 80' lang='lat' dir='ltr'>festinasset</span> <span class='ocrx_word' id='word_1_224' title='bbox 594 2915 670 2975; x_wconf 92' lang='lat' dir='ltr'>lator</span> <span class='ocrx_word' id='word_1_225' title='bbox 687 2915 807 2996; x_wconf 80' lang='lat' dir='ltr'>harum,</span> <span class='ocrx_word' id='word_1_226' title='bbox 831 2919 880 2977; x_wconf 89' lang='lat' dir='ltr'>eui</span> <span class='ocrx_word' id='word_1_227' title='bbox 898 2933 1006 2976; x_wconf 89' lang='lat' dir='ltr'>nomen</span> <span class='ocrx_word' id='word_1_228' title='bbox 1027 2913 1108 2974; x_wconf 89' lang='lat' dir='ltr'>Elias</span> 
     </span>
     <span class='ocr_line' id='line_1_29' title="bbox 89 2998 1108 3085; baseline -0.004 -19"><span class='ocrx_word' id='word_1_229' title='bbox 89 2998 382 3085; x_wconf 59' lang='lat' dir='ltr'>thalcamettusffl,</span> <span class='ocrx_word' id='word_1_230' title='bbox 400 3005 516 3063; x_wconf 92' lang='lat' dir='ltr'>iuvenis</span> <span class='ocrx_word' id='word_1_231' title='bbox 535 3003 669 3064; x_wconf 91' lang='lat' dir='ltr'>ciusdem</span> <span class='ocrx_word' id='word_1_232' title='bbox 689 3012 784 3085; x_wconf 81' lang='lat' dir='ltr'>notae,</span> <span class='ocrx_word' id='word_1_233' title='bbox 804 3024 861 3083; x_wconf 89' lang='lat' dir='ltr'>qua</span> <span class='ocrx_word' id='word_1_234' title='bbox 880 3003 1108 3064; x_wconf 89' lang='lat' dir='ltr'>commendabas</span> 
     </span>
     <span class='ocr_line' id='line_1_30' title="bbox 90 3091 1108 3172; baseline -0.005 -17"><span class='ocrx_word' id='word_1_235' title='bbox 90 3095 163 3156; x_wconf 91' lang='lat' dir='ltr'>mibi</span> <span class='ocrx_word' id='word_1_236' title='bbox 187 3094 327 3156; x_wconf 90' lang='lat' dir='ltr'>Boetium</span> <span class='ocrx_word' id='word_1_237' title='bbox 350 3100 443 3153; x_wconf 90' lang='lat' dir='ltr'>tuum.</span> <span class='ocrx_word' id='word_1_238' title='bbox 488 3091 603 3152; x_wconf 87' lang='lat' dir='ltr'>Renum</span> <span class='ocrx_word' id='word_1_239' title='bbox 625 3095 725 3171; x_wconf 90' lang='lat' dir='ltr'>itaque</span> <span class='ocrx_word' id='word_1_240' title='bbox 745 3093 864 3172; x_wconf 83' lang='lat' dir='ltr'>lactum,</span> <span class='ocrx_word' id='word_1_241' title='bbox 887 3095 933 3152; x_wconf 88' lang='lat' dir='ltr'>uti</span> <span class='ocrx_word' id='word_1_242' title='bbox 955 3094 1053 3170; x_wconf 89' lang='lat' dir='ltr'>ipsum</span> <span class='ocrx_word' id='word_1_243' title='bbox 1077 3094 1108 3151; x_wconf 92' lang='lat' dir='ltr'>in</span> 
     </span>
     <span class='ocr_line' id='line_1_31' title="bbox 89 3180 1108 3246; baseline -0.003 -2"><span class='ocrx_word' id='word_1_244' title='bbox 89 3187 153 3246; x_wconf 88' lang='lat' dir='ltr'>eius</span> <span class='ocrx_word' id='word_1_245' title='bbox 177 3184 253 3245; x_wconf 92' lang='lat' dir='ltr'>adeo</span> <span class='ocrx_word' id='word_1_246' title='bbox 277 3182 377 3243; x_wconf 91' lang='lat' dir='ltr'>locum</span> <span class='ocrx_word' id='word_1_247' title='bbox 401 3181 572 3242; x_wconf 87' lang='lat' dir='ltr'>substituas.</span> <span class='ocrx_word' id='word_1_248' title='bbox 618 3180 683 3242; x_wconf 86' lang='lat' dir='ltr'>Non</span> <span class='ocrx_word' id='word_1_249' title='bbox 712 3182 792 3242; x_wconf 87' lang='lat' dir='ltr'>fallet</span> <span class='ocrx_word' id='word_1_250' title='bbox 820 3189 870 3242; x_wconf 92' lang='lat' dir='ltr'>aut</span> <span class='ocrx_word' id='word_1_251' title='bbox 900 3181 989 3241; x_wconf 84' lang='lat' dir='ltr'>fidem</span> <span class='ocrx_word' id='word_1_252' title='bbox 1011 3199 1108 3242; x_wconf 90' lang='lat' dir='ltr'>meam</span> 
     </span>
     <span class='ocr_line' id='line_1_32' title="bbox 91 3270 1108 3350; baseline -0.002 -16"><span class='ocrx_word' id='word_1_253' title='bbox 91 3281 140 3335; x_wconf 90' lang='lat' dir='ltr'>aut</span> <span class='ocrx_word' id='word_1_254' title='bbox 161 3283 245 3336; x_wconf 89' lang='lat' dir='ltr'>tuam</span> <span class='ocrx_word' id='word_1_255' title='bbox 269 3273 531 3350; x_wconf 83' lang='lat' dir='ltr'>exspectationem.</span> <span class='ocrx_word' id='word_1_256' title='bbox 578 3270 635 3330; x_wconf 89' lang='lat' dir='ltr'>Sed</span> <span class='ocrx_word' id='word_1_257' title='bbox 659 3278 689 3330; x_wconf 90' lang='lat' dir='ltr'>et</span> <span class='ocrx_word' id='word_1_258' title='bbox 712 3270 839 3331; x_wconf 90' lang='lat' dir='ltr'>eundem</span> <span class='ocrx_word' id='word_1_259' title='bbox 861 3277 895 3330; x_wconf 93' lang='lat' dir='ltr'>ut</span> <span class='ocrx_word' id='word_1_260' title='bbox 918 3271 1108 3332; x_wconf 88' lang='lat' dir='ltr'>commendes</span> 
     </span>
     <span class='ocr_line' id='line_1_33' title="bbox 91 3359 1108 3444; baseline -0.002 -22"><span class='ocrx_word' id='word_1_261' title='bbox 91 3363 213 3444; x_wconf 89' lang='lat' dir='ltr'>reliquis</span> <span class='ocrx_word' id='word_1_262' title='bbox 251 3361 342 3423; x_wconf 91' lang='lat' dir='ltr'>isthic</span> <span class='ocrx_word' id='word_1_263' title='bbox 374 3359 595 3438; x_wconf 83' lang='lat' dir='ltr'>professoribus</span> <span class='ocrx_word' id='word_1_264' title='bbox 632 3367 662 3419; x_wconf 89' lang='lat' dir='ltr'>et</span> <span class='ocrx_word' id='word_1_265' title='bbox 695 3362 843 3438; x_wconf 88' lang='lat' dir='ltr'>imprimis</span> <span class='ocrx_word' id='word_1_266' title='bbox 876 3359 947 3420; x_wconf 90' lang='lat' dir='ltr'>Dno.</span> <span class='ocrx_word' id='word_1_267' title='bbox 977 3360 1108 3420; x_wconf 88' lang='lat' dir='ltr'>Wesem-</span> 
     </span>
     <span class='ocr_line' id='line_1_34' title="bbox 91 3448 1108 3530; baseline -0.005 -19"><span class='ocrx_word' id='word_1_268' title='bbox 91 3450 170 3515; x_wconf 90' lang='lat' dir='ltr'>beoio</span> <span class='ocrx_word' id='word_1_269' title='bbox 200 3460 232 3515; x_wconf 91' lang='lat' dir='ltr'>et</span> <span class='ocrx_word' id='word_1_270' title='bbox 257 3448 383 3530; x_wconf 85' lang='lat' dir='ltr'>Gentili‚</span> <span class='ocrx_word' id='word_1_271' title='bbox 414 3448 571 3509; x_wconf 90' lang='lat' dir='ltr'>admodum</span> <span class='ocrx_word' id='word_1_272' title='bbox 601 3457 630 3508; x_wconf 91' lang='lat' dir='ltr'>te</span> <span class='ocrx_word' id='word_1_273' title='bbox 661 3466 740 3526; x_wconf 82' lang='lat' dir='ltr'>rogo.</span> <span class='ocrx_word' id='word_1_274' title='bbox 792 3449 917 3509; x_wconf 85' lang='lat' dir='ltr'>Carmen</span> <span class='ocrx_word' id='word_1_275' title='bbox 947 3468 1047 3510; x_wconf 87' lang='lat' dir='ltr'>meum</span> <span class='ocrx_word' id='word_1_276' title='bbox 1077 3451 1108 3506; x_wconf 91' lang='lat' dir='ltr'>in</span> 
     </span>
     <span class='ocr_line' id='line_1_35' title="bbox 91 3537 1107 3616; baseline -0.009 -16"><span class='ocrx_word' id='word_1_277' title='bbox 91 3539 276 3606; x_wconf 88' lang='lat' dir='ltr'>Guutberum</span> <span class='ocrx_word' id='word_1_278' title='bbox 301 3546 385 3601; x_wconf 88' lang='lat' dir='ltr'>certo</span> <span class='ocrx_word' id='word_1_279' title='bbox 407 3537 530 3599; x_wconf 90' lang='lat' dir='ltr'>babebis</span> <span class='ocrx_word' id='word_1_280' title='bbox 554 3537 647 3616; x_wconf 85' lang='lat' dir='ltr'>brevi,</span> <span class='ocrx_word' id='word_1_281' title='bbox 671 3539 727 3596; x_wconf 91' lang='lat' dir='ltr'>etsi</span> <span class='ocrx_word' id='word_1_282' title='bbox 749 3538 814 3598; x_wconf 90' lang='lat' dir='ltr'>aliis</span> <span class='ocrx_word' id='word_1_283' title='bbox 833 3537 934 3598; x_wconf 90' lang='lat' dir='ltr'>multis</span> <span class='ocrx_word' id='word_1_284' title='bbox 954 3538 1107 3597; x_wconf 89' lang='lat' dir='ltr'>districtus</span> 
     </span>
    </p>
   </div>
   <div class='ocr_carea' id='block_1_7' title="bbox 0 0 1208 3966">
    <p class='ocr_par' dir='ltr' id='par_1_7' title="bbox 0 0 1208 3966">
     <span class='ocr_line' id='line_1_36' title="bbox 0 0 1208 3966; baseline 0 0"><span class='ocrx_word' id='word_1_285' title='bbox 0 0 1208 3966; x_wconf 95' lang='lat' dir='ltr'> </span> 
     </span>
    </p>
   </div>
  </div>
 </body>
</html>
