2422 3944
149 169 193 235 60
581 170 603 225 Ι.
622 168 735 225 draus-i

152 319 252 380 Saluto
280 320 327 379 his
358 319 546 398 perofficiose
573 318 627 380 Dn.
656 317 816 401 Gentilem,
847 319 901 382 lln.
929 319 1081 403 Celerum,
1113 321 1167 384 Dn.

150 401 387 486 virdungum²⁰1.
425 407 510 479 Quod
534 410 560 468 si
584 411 700 469 occasio
724 409 820 470 simile
845 410 916 489 qnid
938 411 1113 489 perferendi
1132 412 1167 473 ad

149 497 398 578 Wesemhecium,
421 497 473 558 liet
494 515 565 561 sane
589 515 642 558 me·
660 497 781 567 libente.

195 602 473 684 Heidelbergae,
502 603 549 664 die
574 600 625 665 23.
644 603 716 664 Nov.
736 600 832 667 1598.

351 811 409 879 lt.
431 810 467 879 Ἰ.
492 812 651 881 Gruterus
675 813 706 879 0.
728 811 962 882 Rittershusio.

152 934 437 1006 (Heidelbergee).
940 943 981 994 16.
1000 937 1067 992 Dec.
1087 943 1168 994 1599.

219 1031 247 1091 S.
265 1030 297 1091 P.
333 1031 395 1092 lam
417 1031 503 1094 binas
526 1038 593 1093 tuas
616 1033 739 1091 memini
766 1034 900 1111 recipere
924 1032 1049 1114 litteras,
1072 1037 1169 1096 amice

151 1139 280 1201 summe,
310 1119 419 1200 quibus
441 1119 516 1181 nihil
540 1120 610 1181 dum
640 1121 794 1202 respondi,
826 1121 934 1183 fiducia
961 1120 1078 1184 seilicet
1109 1123 1171 1206 illa,

151 1228 240 1288 quam
268 1211 329 1270 scio
358 1209 413 1270 tihi
441 1227 507 1269 esse
534 1209 571 1269 de
600 1209 707 1270 affectu
733 1228 814 1290 meo,
846 1212 896 1271 cui
923 1213 1012 1272 etiam
1042 1212 1170 1294 accedit,

150 1299 230 1377 quod
252 1299 326 1359 mihi
348 1300 446 1359 rarior
469 1317 501 1359 se
525 1299 629 1358 offerat
650 1297 835 1380 tabellariae,
867 1301 919 1379 qui
942 1299 978 1360 ad
1001 1319 1063 1382 vos,
1086 1302 1168 1363 relu-

150 1391 287 1467 giamque
306 1387 417 1466 alioqui
435 1387 503 1448 ideo
522 1389 625 1448 amicis
645 1386 785 1448 exhihere
804 1387 979 1449 molestiam.
1009 1389 1048 1450 Ut
1066 1396 1169 1452 umen

150 1476 237 1538 modo
267 1495 334 1536 sum
361 1495 429 1537 cum
455 1475 509 1537 Dn.
532 1470 717 1536 Praesidc²³²
748 1477 825 1556 apud
853 1478 885 1538 D.
913 1477 1169 1556 Lingelshemium

150 1573 181 1626 et
199 1568 225 1626 is
244 1564 318 1626 mihi
336 1565 386 1625 dat
404 1565 545 1644 legendas
563 1583 637 1626 unas
656 1563 771 1625 litteras
794 1565 827 1626 D.
846 1565 981 1647 Gentilis,
1004 1569 1036 1628 in
1055 1568 1169 1646 quibus

151 1652 305 1734 salutabat,
327 1652 497 1733 alteraeque
521 1655 586 1714 eius
608 1655 729 1714 interim
751 1654 920 1736 adveniunt,
943 1674 1019 1735 quae
1042 1674 1168 1736 respon-

151 1741 261 1803 debant
277 1740 491 1820 Lingelshemii
509 1742 568 1802 illis
586 1742 736 1823 laureatis,
759 1742 925 1805 arbitrabar
943 1762 991 1805 me
1011 1747 1169 1808 commode

149 1849 238 1910 posse
266 1849 347 1891 meas
376 1830 536 1909 adiungere
559 1830 835 1910 Lingelshemianis
881 1833 978 1905 Quare
1006 1836 1083 1895 scito
1107 1833 1169 1897 lae-

148 1923 207 1980 tari
238 1937 286 1979 me
313 1920 505 1980 vehementer
536 1920 573 1981 ob
601 1920 800 1982 valetudinem
827 1928 908 1983 tuam
935 1929 1024 2001 atque
1053 1930 1170 2007 optare,

149 2011 194 2069 uti
219 2011 258 2069 sit
280 2009 365 2069 firma
382 2009 512 2088 longum.
544 2008 606 2088 Ego
626 2009 748 2088 quidem
766 2010 857 2092 valeo,
880 2011 933 2072 sed
952 2011 1027 2072 duos
1045 2031 1170 2075 menses

149 2101 266 2177 integre
288 2096 364 2158 male
387 2097 478 2160 habui
501 2117 517 2158 a
541 2098 642 2159 dolore
667 2100 818 2160 stomachi.
855 2099 916 2160 lam
940 2119 1006 2161 sum
1029 2102 1061 2162 in
1085 2105 1170 2163 notis

150 2186 327 2266 quibusdam
356 2188 569 2249 concinnandis
597 2190 682 2267 quasi
704 2188 835 2267 politicis
858 2188 894 2250 ad
918 2188 1086 2252 Onosandri
1108 2191 1168 2252 Im·

149 2269 371 2355 peratorem²⁹i
404 2276 474 2338 Post
493 2295 626 2337 mensem
645 2277 853 2356 aggrediemur
874 2297 1014 2357 magnum
1037 2278 1112 2341 illud
1137 2288 1169 2341 et

149 2373 264 2427 vastum
288 2383 363 2445 opus
381 2365 621 2446 Inscriptionum‚
644 2373 678 2426 ut
697 2368 740 2426 sic
758 2384 909 2447 nunquam
928 2370 1056 2428 otiemur
1075 2376 1168 2448 atque

149 2455 301 2515 viduitatis
323 2449 444 2515 mala294
468 2454 534 2516 aliis
556 2454 643 2514 malis
666 2455 868 2517 retundamus
909 2456 1032 2517 Interim
1055 2456 1167 2518 haereo

149 2543 317 2623 admodum,
340 2543 412 2622 quid
435 2545 532 2605 lacere
556 2542 689 2625 debeam,
712 2562 750 2604 an
773 2544 863 2606 alium
886 2545 958 2606 alibi
979 2545 1072 2606 larem
1096 2565 1167 2626 per-

149 2634 234 2710 sequi
262 2649 300 2690 an
326 2631 376 2692 hio
402 2650 492 2711 porro
521 2632 692 2693 subsistere.
739 2633 771 2693 Si
799 2652 868 2712 spes
895 2641 975 2694 esset
1003 2637 1035 2695 in
1062 2633 1169 2715 Belgio

147 2723 230 2799 pacis
259 2719 386 2802 stabilio,
413 2722 461 2781 his
487 2720 562 2782 locis
592 2723 675 2783 ocius
702 2721 912 2804 valedicerem,
939 2741 999 2783 non
1026 2725 1097 2802 quia
1121 2727 1168 2786 eis

148 2811 292 2889 imputem
316 2811 455 2872 iteratum
478 2810 557 2870 istud
581 2829 681 2872 meum
703 2811 908 2893 infortunium,
931 2811 984 2872 sed
1003 2815 1073 2891 qnia
1097 2831 1168 2875 aua·

147 2901 213 2960 vius
236 2898 354 2959 videtur
376 2906 496 2977 aegroto
520 2917 638 2978 semper
665 2902 697 2960 in
719 2903 814 2979 patria
838 2903 922 2961 mori.
967 2900 1060 2980 quue
1083 2921 1167 2965 nunc

148 2988 253 3049 faciam
285 3005 355 3047 sane
382 2987 557 3068 proclivius,
590 2988 669 3067 quod
697 2987 896 3050 Gotholredus
918 2983 1014 3050 ἱΙΙθ295
1040 2990 1090 3052 hio
1113 3010 1167 3053 ex÷

147 3083 284 3155 pectatur
315 3083 436 3138 vocatus
464 3077 612 3155 stipendio
644 3077 731 3156 plane
763 3076 923 3140 luculento.
969 3078 1064 3150 Quem
1094 3079 1169 3143 licet

148 3184 208 3226 non
231 3173 361 3226 metuam
387 3165 448 3227 ulla
474 3168 506 3227 in
533 3184 567 3226 re
594 3185 650 3227 neo
678 3168 766 3228 etiam
790 3167 921 3229 diltidam
949 3167 985 3228 de
1014 3169 1168 3232 amicitiae

149 3257 314 3315 constantia
331 3273 476 3335 meorum,
495 3257 596 3334 quiin
615 3254 680 3316 aula
699 3263 729 3316 et
748 3258 827 3317 circa
845 3275 919 3338 eam,
937 3263 1038 3318 tamen
1050 3261 1169 3341 nescio,

149 3343 296 3421 quomodo
323 3345 422 3405 vereri
447 3342 521 3404 libet
547 3345 710 3423 parituram
740 3346 805 3406 eius
832 3347 1031 3424 praesentiam
1060 3349 1168 3409 nescio

149 3431 221 3510 quid
244 3431 410 3512 frigusculi,
439 3451 507 3494 eum
530 3432 610 3492 idem
632 3432 707 3494 velle
730 3434 809 3494 idem
832 3434 911 3495 nolle
934 3434 1055 3496 demum
1077 3436 1168 3498 firma

149 3523 188 3580 sit
220 3521 351 3581 amicitia
381 3520 497 3600 hocque
530 3522 587 3581 isto
621 3540 692 3582 casu
724 3524 772 3583 rix
804 3523 870 3584 fieri
903 3531 999 3603 queat.
1053 3524 1169 3587 Verum
