<?xml version="1.0" encoding="UTF-8"?>
<!DOCTYPE html PUBLIC "-//W3C//DTD XHTML 1.0 Transitional//EN"
    "http://www.w3.org/TR/xhtml1/DTD/xhtml1-transitional.dtd">
<html xmlns="http://www.w3.org/1999/xhtml" xml:lang="en" lang="en">
 <head>
  <title>
</title>
<meta http-equiv="Content-Type" content="text/html;charset=utf-8" />
  <meta name='ocr-system' content='tesseract 3.04.00' />
  <meta name='ocr-capabilities' content='ocr_page ocr_carea ocr_par ocr_line ocrx_word'/>
</head>
<body>
  <div class='ocr_page' id='page_1' title='image "./virorumclarorum00thedgoog_0129.png"; bbox 0 0 2400 3966; ppageno 0'>
   <div class='ocr_carea' id='block_1_1' title="bbox 139 184 843 262">
    <p class='ocr_par' dir='ltr' id='par_1_1' title="bbox 139 184 843 262">
     <span class='ocr_line' id='line_1_1' title="bbox 139 184 843 262; baseline 0 -15"><span class='ocrx_word' id='word_1_1' title='bbox 139 193 203 257; x_wconf 87' lang='lat'>110</span> <span class='ocrx_word' id='word_1_2' title='bbox 529 193 563 248; x_wconf 89' lang='lat' dir='ltr'>H.</span> <span class='ocrx_word' id='word_1_3' title='bbox 585 192 757 262; x_wconf 83' lang='lat' dir='ltr'>Thederingi</span> <span class='ocrx_word' id='word_1_4' title='bbox 840 184 843 189; x_wconf 70' lang='grc'><strong>’</strong></span> 
     </span>
    </p>
   </div>
   <div class='ocr_carea' id='block_1_2' title="bbox 137 336 1200 2389">
    <p class='ocr_par' dir='ltr' id='par_1_2' title="bbox 137 336 1200 2389">
     <span class='ocr_line' id='line_1_2' title="bbox 139 336 1200 427; baseline -0.003 -22"><span class='ocrx_word' id='word_1_5' title='bbox 139 337 171 427; x_wconf 81' lang='lat' dir='ltr'>(a</span> <span class='ocrx_word' id='word_1_6' title='bbox 194 344 222 404; x_wconf 88' lang='lat' dir='ltr'>la</span> <span class='ocrx_word' id='word_1_7' title='bbox 244 336 367 426; x_wconf 87' lang='lat' dir='ltr'>Fleche)</span> <span class='ocrx_word' id='word_1_8' title='bbox 396 350 426 402; x_wconf 93' lang='lat' dir='ltr'>et</span> <span class='ocrx_word' id='word_1_9' title='bbox 453 342 524 403; x_wconf 92' lang='lat' dir='ltr'>alibi</span> <span class='ocrx_word' id='word_1_10' title='bbox 547 343 625 403; x_wconf 93' lang='lat' dir='ltr'>ultra</span> <span class='ocrx_word' id='word_1_11' title='bbox 648 342 711 424; x_wconf 89' lang='lat' dir='ltr'>illa,</span> <span class='ocrx_word' id='word_1_12' title='bbox 740 361 814 422; x_wconf 90' lang='lat' dir='ltr'>quae</span> <span class='ocrx_word' id='word_1_13' title='bbox 839 336 1027 403; x_wconf 73' lang='lat' dir='ltr'>Sincerus4⁹8</span> <span class='ocrx_word' id='word_1_14' title='bbox 1050 361 1191 422; x_wconf 91' lang='lat' dir='ltr'>parum</span> <span class='ocrx_word' id='word_1_15' title='bbox 1187 378 1200 391; x_wconf 50' lang='lat'>-¹</span> 
     </span>
     <span class='ocr_line' id='line_1_3' title="bbox 139 431 1199 514; baseline 0.001 -20"><span class='ocrx_word' id='word_1_16' title='bbox 139 437 255 494; x_wconf 89' lang='lat' dir='ltr'>sineere</span> <span class='ocrx_word' id='word_1_17' title='bbox 288 450 376 511; x_wconf 83' lang='lat' dir='ltr'>saepe</span> <span class='ocrx_word' id='word_1_18' title='bbox 409 440 635 514; x_wconf 79' lang='lat' dir='ltr'><strong>commemorat,</strong></span> <span class='ocrx_word' id='word_1_19' title='bbox 667 440 834 493; x_wconf 89' lang='lat' dir='ltr'>memoratu</span> <span class='ocrx_word' id='word_1_20' title='bbox 866 432 954 511; x_wconf 86' lang='lat' dir='ltr'>digna</span> <span class='ocrx_word' id='word_1_21' title='bbox 982 431 1094 492; x_wconf 90' lang='lat' dir='ltr'>videris</span> <span class='ocrx_word' id='word_1_22' title='bbox 1122 450 1155 492; x_wconf 89' lang='lat' dir='ltr'>ae</span> <span class='ocrx_word' id='word_1_23' title='bbox 1186 454 1199 495; x_wconf 83' lang='grc' dir='ltr'>ι</span> 
     </span>
     <span class='ocr_line' id='line_1_4' title="bbox 138 519 1195 624; baseline -0.001 -41"><span class='ocrx_word' id='word_1_24' title='bbox 138 522 316 602; x_wconf 88' lang='lat' dir='ltr'>obser,varis</span> <span class='ocrx_word' id='word_1_25' title='bbox 339 540 375 581; x_wconf 85' lang='lat' dir='ltr'>ex</span> <span class='ocrx_word' id='word_1_26' title='bbox 398 528 428 582; x_wconf 91' lang='lat' dir='ltr'>te</span> <span class='ocrx_word' id='word_1_27' title='bbox 452 521 555 582; x_wconf 91' lang='lat' dir='ltr'>audire</span> <span class='ocrx_word' id='word_1_28' title='bbox 580 529 609 582; x_wconf 89' lang='lat' dir='ltr'>et</span> <span class='ocrx_word' id='word_1_29' title='bbox 632 540 811 600; x_wconf 81' lang='lat' dir='ltr'>cognoscere</span> <span class='ocrx_word' id='word_1_30' title='bbox 834 521 974 603; x_wconf 78' lang='lat' dir='ltr'>placeret</span> <span class='ocrx_word' id='word_1_31' title='bbox 997 523 1024 581; x_wconf 90' lang='lat' dir='ltr'>si</span> <span class='ocrx_word' id='word_1_32' title='bbox 1042 519 1192 624; x_wconf 83' lang='lat' dir='ltr'>absque&#39;</span> <span class='ocrx_word' id='word_1_33' title='bbox 1189 548 1195 582; x_wconf 79' lang='lat'>1·</span> 
     </span>
     <span class='ocr_line' id='line_1_5' title="bbox 138 610 1200 690; baseline -0.003 -17"><span class='ocrx_word' id='word_1_34' title='bbox 138 611 273 673; x_wconf 90' lang='lat' dir='ltr'>molestia</span> <span class='ocrx_word' id='word_1_35' title='bbox 300 618 351 671; x_wconf 93' lang='lat' dir='ltr'>tua</span> <span class='ocrx_word' id='word_1_36' title='bbox 378 610 445 671; x_wconf 91' lang='lat' dir='ltr'>fieri</span> <span class='ocrx_word' id='word_1_37' title='bbox 468 618 578 689; x_wconf 90' lang='lat' dir='ltr'>posset.</span> <span class='ocrx_word' id='word_1_38' title='bbox 623 610 717 671; x_wconf 92' lang='lat' dir='ltr'>Unica</span> <span class='ocrx_word' id='word_1_39' title='bbox 740 610 864 690; x_wconf 89' lang='lat' dir='ltr'>epistola</span> <span class='ocrx_word' id='word_1_40' title='bbox 887 610 1032 671; x_wconf 88' lang='lat' dir='ltr'>Laconica</span> <span class='ocrx_word' id='word_1_41' title='bbox 1057 613 1156 671; x_wconf 88' lang='lat' dir='ltr'>omnia</span> <span class='ocrx_word' id='word_1_42' title='bbox 1199 645 1200 650; x_wconf 43' lang='lat'>1</span> 
     </span>
     <span class='ocr_line' id='line_1_6' title="bbox 137 699 1200 781; baseline 0.001 -19"><span class='ocrx_word' id='word_1_43' title='bbox 137 705 194 762; x_wconf 87' lang='lat' dir='ltr'>ista</span> <span class='ocrx_word' id='word_1_44' title='bbox 208 701 382 781; x_wconf 83' lang='lat' dir='ltr'>expedierit,</span> <span class='ocrx_word' id='word_1_45' title='bbox 401 718 476 780; x_wconf 88' lang='lat' dir='ltr'>quae</span> <span class='ocrx_word' id='word_1_46' title='bbox 491 719 538 760; x_wconf 93' lang='lat' dir='ltr'>me</span> <span class='ocrx_word' id='word_1_47' title='bbox 553 706 725 761; x_wconf 83' lang='lat' dir='ltr'>exsaturare</span> <span class='ocrx_word' id='word_1_48' title='bbox 740 707 858 779; x_wconf 88' lang='lat' dir='ltr'>queant.</span> <span class='ocrx_word' id='word_1_49' title='bbox 837 700 928 760; x_wconf 89' lang='lat' dir='ltr'>Sti</span> <span class='ocrx_word' id='word_1_50' title='bbox 941 699 1017 760; x_wconf 88' lang='lat' dir='ltr'>forte</span> <span class='ocrx_word' id='word_1_51' title='bbox 1033 699 1156 760; x_wconf 89' lang='lat' dir='ltr'>Parisiis</span> <span class='ocrx_word' id='word_1_52' title='bbox 1188 742 1200 766; x_wconf 54' lang='grc' dir='ltr'>ι</span> 
     </span>
     <span class='ocr_line' id='line_1_7' title="bbox 138 788 1198 869; baseline -0.003 -18"><span class='ocrx_word' id='word_1_53' title='bbox 138 798 189 851; x_wconf 89' lang='lat' dir='ltr'>aut</span> <span class='ocrx_word' id='word_1_54' title='bbox 208 788 278 850; x_wconf 92' lang='lat' dir='ltr'>alibi</span> <span class='ocrx_word' id='word_1_55' title='bbox 298 808 364 849; x_wconf 93' lang='lat' dir='ltr'>sors</span> <span class='ocrx_word' id='word_1_56' title='bbox 378 807 433 849; x_wconf 93' lang='lat' dir='ltr'>nos</span> <span class='ocrx_word' id='word_1_57' title='bbox 447 788 524 850; x_wconf 89' lang='lat' dir='ltr'>bona</span> <span class='ocrx_word' id='word_1_58' title='bbox 539 789 636 850; x_wconf 90' lang='lat' dir='ltr'>denuo</span> <span class='ocrx_word' id='word_1_59' title='bbox 651 791 848 869; x_wconf 84' lang='lat' dir='ltr'>coniunxerit,</span> <span class='ocrx_word' id='word_1_60' title='bbox 867 791 1039 868; x_wconf 85' lang='lat' dir='ltr'>consignata</span> <span class='ocrx_word' id='word_1_61' title='bbox 1053 795 1156 850; x_wconf 90' lang='lat' dir='ltr'>nostra</span> <span class='ocrx_word' id='word_1_62' title='bbox 1193 818 1198 827; x_wconf 83' lang='lat'>·</span> 
     </span>
     <span class='ocr_line' id='line_1_8' title="bbox 138 873 1196 959; baseline -0.002 -19"><span class='ocrx_word' id='word_1_63' title='bbox 138 874 316 954; x_wconf 77' lang='grc' dir='ltr'><strong><em>ἀξιοθέατοι</em></strong></span> <span class='ocrx_word' id='word_1_64' title='bbox 345 886 375 939; x_wconf 93' lang='lat' dir='ltr'>et</span> <span class='ocrx_word' id='word_1_65' title='bbox 403 873 687 959; x_wconf 81' lang='grc' dir='ltr'><em>ἀξιομνημόνευτα</em></span> <span class='ocrx_word' id='word_1_66' title='bbox 716 881 747 938; x_wconf 96' lang='lat' dir='ltr'>in</span> <span class='ocrx_word' id='word_1_67' title='bbox 776 896 869 940; x_wconf 92' lang='lat' dir='ltr'>unum</span> <span class='ocrx_word' id='word_1_68' title='bbox 893 878 1030 939; x_wconf 83' lang='lat' dir='ltr'>conferre</span> <span class='ocrx_word' id='word_1_69' title='bbox 1053 896 1155 957; x_wconf 91' lang='lat' dir='ltr'>posse·</span> <span class='ocrx_word' id='word_1_70' title='bbox 1191 906 1196 924; x_wconf 52' lang='grc' dir='ltr'><strong><em>τ</em></strong></span> 
     </span>
     <span class='ocr_line' id='line_1_9' title="bbox 138 967 1156 1049; baseline -0.001 -21"><span class='ocrx_word' id='word_1_71' title='bbox 138 987 219 1030; x_wconf 90' lang='lat' dir='ltr'>mus:</span> <span class='ocrx_word' id='word_1_72' title='bbox 242 968 358 1029; x_wconf 79' lang='lat' dir='ltr'>Mochte</span> <span class='ocrx_word' id='word_1_73' title='bbox 377 971 427 1029; x_wconf 91' lang='lat' dir='ltr'>ein</span> <span class='ocrx_word' id='word_1_74' title='bbox 442 967 528 1047; x_wconf 87' lang='lat' dir='ltr'>jeder</span> <span class='ocrx_word' id='word_1_75' title='bbox 548 968 649 1029; x_wconf 87' lang='lat' dir='ltr'>drauls</span> <span class='ocrx_word' id='word_1_76' title='bbox 667 968 805 1049; x_wconf 89' lang='lat' dir='ltr'>nehmen,</span> <span class='ocrx_word' id='word_1_77' title='bbox 824 986 885 1028; x_wconf 87' lang='lat' dir='ltr'>was</span> <span class='ocrx_word' id='word_1_78' title='bbox 904 967 965 1028; x_wconf 91' lang='lat' dir='ltr'>ihm</span> <span class='ocrx_word' id='word_1_79' title='bbox 985 986 1032 1027; x_wconf 91' lang='lat' dir='ltr'>am</span> <span class='ocrx_word' id='word_1_80' title='bbox 1050 967 1156 1028; x_wconf 88' lang='lat' dir='ltr'>besten</span> 
     </span>
     <span class='ocr_line' id='line_1_10' title="bbox 138 1055 1192 1138; baseline -0.002 -20"><span class='ocrx_word' id='word_1_81' title='bbox 138 1058 316 1118; x_wconf 87' lang='lat' dir='ltr'>schmeekte.</span> <span class='ocrx_word' id='word_1_82' title='bbox 353 1057 476 1118; x_wconf 86' lang='lat' dir='ltr'>Interim</span> <span class='ocrx_word' id='word_1_83' title='bbox 499 1059 642 1136; x_wconf 87' lang='lat' dir='ltr'>patientia</span> <span class='ocrx_word' id='word_1_84' title='bbox 666 1059 763 1117; x_wconf 90' lang='lat' dir='ltr'>vincat</span> <span class='ocrx_word' id='word_1_85' title='bbox 786 1059 894 1138; x_wconf 89' lang='lat' dir='ltr'>omnia,</span> <span class='ocrx_word' id='word_1_86' title='bbox 916 1056 975 1117; x_wconf 86' lang='lat' dir='ltr'>biis</span> <span class='ocrx_word' id='word_1_87' title='bbox 999 1075 1032 1117; x_wconf 92' lang='lat' dir='ltr'>es</span> <span class='ocrx_word' id='word_1_88' title='bbox 1051 1055 1157 1116; x_wconf 89' lang='lat' dir='ltr'>besser</span> <span class='ocrx_word' id='word_1_89' title='bbox 1189 1112 1192 1119; x_wconf 84' lang='grc'><em>,</em></span> 
     </span>
     <span class='ocr_line' id='line_1_11' title="bbox 137 1144 1195 1228; baseline 0 -22"><span class='ocrx_word' id='word_1_90' title='bbox 137 1147 233 1207; x_wconf 80' lang='lat' dir='ltr'>uirdt.</span> <span class='ocrx_word' id='word_1_91' title='bbox 280 1146 374 1228; x_wconf 87' lang='lat' dir='ltr'>Nova,</span> <span class='ocrx_word' id='word_1_92' title='bbox 398 1165 472 1227; x_wconf 87' lang='lat' dir='ltr'>quae</span> <span class='ocrx_word' id='word_1_93' title='bbox 495 1166 512 1207; x_wconf 92' lang='lat' dir='ltr'>a</span> <span class='ocrx_word' id='word_1_94' title='bbox 535 1165 583 1207; x_wconf 93' lang='lat' dir='ltr'>me</span> <span class='ocrx_word' id='word_1_95' title='bbox 606 1148 693 1227; x_wconf 88' lang='lat' dir='ltr'>petis,</span> <span class='ocrx_word' id='word_1_96' title='bbox 716 1146 786 1206; x_wconf 90' lang='lat' dir='ltr'>talia</span> <span class='ocrx_word' id='word_1_97' title='bbox 809 1149 930 1207; x_wconf 93' lang='lat' dir='ltr'>omnino</span> <span class='ocrx_word' id='word_1_98' title='bbox 954 1153 1033 1226; x_wconf 92' lang='lat' dir='ltr'>sunt,</span> <span class='ocrx_word' id='word_1_99' title='bbox 1057 1144 1154 1224; x_wconf 90' lang='lat' dir='ltr'>qualia</span> <span class='ocrx_word' id='word_1_100' title='bbox 1191 1174 1195 1212; x_wconf 93' lang='lat'>:</span> 
     </span>
     <span class='ocr_line' id='line_1_12' title="bbox 138 1235 1198 1319; baseline -0.002 -23"><span class='ocrx_word' id='word_1_101' title='bbox 138 1238 228 1319; x_wconf 85' lang='lat' dir='ltr'>lama,</span> <span class='ocrx_word' id='word_1_102' title='bbox 251 1235 371 1317; x_wconf 91' lang='lat' dir='ltr'>malum,</span> <span class='ocrx_word' id='word_1_103' title='bbox 394 1255 453 1316; x_wconf 90' lang='lat' dir='ltr'>quo</span> <span class='ocrx_word' id='word_1_104' title='bbox 476 1254 535 1296; x_wconf 95' lang='lat' dir='ltr'>non</span> <span class='ocrx_word' id='word_1_105' title='bbox 559 1235 638 1297; x_wconf 90' lang='lat' dir='ltr'>aliud</span> <span class='ocrx_word' id='word_1_106' title='bbox 662 1235 793 1297; x_wconf 89' lang='lat' dir='ltr'>velocius</span> <span class='ocrx_word' id='word_1_107' title='bbox 817 1254 905 1315; x_wconf 90' lang='lat' dir='ltr'>saepe</span> <span class='ocrx_word' id='word_1_108' title='bbox 929 1242 959 1296; x_wconf 93' lang='lat' dir='ltr'>et</span> <span class='ocrx_word' id='word_1_109' title='bbox 982 1235 1156 1296; x_wconf 86' lang='lat' dir='ltr'>mendacius</span> <span class='ocrx_word' id='word_1_110' title='bbox 1195 1270 1198 1303; x_wconf 45' lang='grc' dir='ltr'>ξ</span> 
     </span>
     <span class='ocr_line' id='line_1_13' title="bbox 137 1323 1195 1407; baseline -0.003 -21"><span class='ocrx_word' id='word_1_111' title='bbox 137 1326 245 1407; x_wconf 93' lang='lat' dir='ltr'>ullum,</span> <span class='ocrx_word' id='word_1_112' title='bbox 268 1326 346 1405; x_wconf 91' lang='lat' dir='ltr'>apud</span> <span class='ocrx_word' id='word_1_113' title='bbox 369 1325 426 1386; x_wconf 89' lang='lat' dir='ltr'>Vos</span> <span class='ocrx_word' id='word_1_114' title='bbox 450 1328 596 1404; x_wconf 83' lang='lat' dir='ltr'>exposuit.</span> <span class='ocrx_word' id='word_1_115' title='bbox 642 1323 708 1385; x_wconf 92' lang='lat' dir='ltr'>Non</span> <span class='ocrx_word' id='word_1_116' title='bbox 731 1324 849 1406; x_wconf 88' lang='lat' dir='ltr'>dubito,</span> <span class='ocrx_word' id='word_1_117' title='bbox 872 1327 945 1404; x_wconf 91' lang='lat' dir='ltr'>quin</span> <span class='ocrx_word' id='word_1_118' title='bbox 968 1327 1083 1385; x_wconf 87' lang='lat' dir='ltr'>interea</span> <span class='ocrx_word' id='word_1_119' title='bbox 1105 1341 1155 1383; x_wconf 93' lang='lat' dir='ltr'>res</span> <span class='ocrx_word' id='word_1_120' title='bbox 1192 1364 1195 1371; x_wconf 89' lang='lat'>-</span> 
     </span>
     <span class='ocr_line' id='line_1_14' title="bbox 137 1412 1198 1496; baseline -0.004 -19.947"><span class='ocrx_word' id='word_1_121' title='bbox 137 1423 212 1496; x_wconf 90' lang='lat' dir='ltr'>tota,</span> <span class='ocrx_word' id='word_1_122' title='bbox 239 1417 340 1494; x_wconf 93' lang='lat' dir='ltr'>prouti</span> <span class='ocrx_word' id='word_1_123' title='bbox 367 1422 450 1493; x_wconf 83' lang='lat' dir='ltr'>gesta</span> <span class='ocrx_word' id='word_1_124' title='bbox 477 1421 536 1495; x_wconf 92' lang='lat' dir='ltr'>est,</span> <span class='ocrx_word' id='word_1_125' title='bbox 564 1433 600 1474; x_wconf 86' lang='lat' dir='ltr'>ex</span> <span class='ocrx_word' id='word_1_126' title='bbox 627 1416 717 1474; x_wconf 82' lang='lat' dir='ltr'>variis</span> <span class='ocrx_word' id='word_1_127' title='bbox 745 1413 818 1474; x_wconf 90' lang='lat' dir='ltr'>locis</span> <span class='ocrx_word' id='word_1_128' title='bbox 847 1414 883 1474; x_wconf 90' lang='lat' dir='ltr'>ad</span> <span class='ocrx_word' id='word_1_129' title='bbox 906 1413 964 1473; x_wconf 93' lang='lat' dir='ltr'>Vos</span> <span class='ocrx_word' id='word_1_130' title='bbox 988 1412 1085 1474; x_wconf 87' lang='lat' dir='ltr'>delata</span> <span class='ocrx_word' id='word_1_131' title='bbox 1108 1414 1155 1472; x_wconf 92' lang='lat' dir='ltr'>sit.</span> <span class='ocrx_word' id='word_1_132' title='bbox 1195 1426 1198 1451; x_wconf 74' lang='lat'><strong><em>⁵</em></strong></span> 
     </span>
     <span class='ocr_line' id='line_1_15' title="bbox 137 1498 1155 1587; baseline -0.003 -23"><span class='ocrx_word' id='word_1_133' title='bbox 137 1504 180 1565; x_wconf 88' lang='lat' dir='ltr'>Ne</span> <span class='ocrx_word' id='word_1_134' title='bbox 209 1511 309 1565; x_wconf 93' lang='lat' dir='ltr'>tamen</span> <span class='ocrx_word' id='word_1_135' title='bbox 336 1511 367 1564; x_wconf 91' lang='lat' dir='ltr'>et</span> <span class='ocrx_word' id='word_1_136' title='bbox 393 1504 481 1564; x_wconf 87' lang='lat' dir='ltr'>hiet</span> <span class='ocrx_word' id='word_1_137' title='bbox 469 1510 520 1564; x_wconf 92' lang='lat' dir='ltr'>tuo</span> <span class='ocrx_word' id='word_1_138' title='bbox 548 1510 616 1564; x_wconf 90' lang='lat' dir='ltr'>voto</span> <span class='ocrx_word' id='word_1_139' title='bbox 639 1503 788 1584; x_wconf 87' lang='lat' dir='ltr'>deessem,</span> <span class='ocrx_word' id='word_1_140' title='bbox 814 1499 860 1576; x_wconf 77' lang='grc' dir='ltr'>ὡς</span> <span class='ocrx_word' id='word_1_141' title='bbox 883 1498 920 1564; x_wconf 82' lang='grc' dir='ltr'>ἐν</span> <span class='ocrx_word' id='word_1_142' title='bbox 942 1499 1035 1587; x_wconf 81' lang='grc' dir='ltr'><strong><em>τύπῳ</em></strong></span> <span class='ocrx_word' id='word_1_143' title='bbox 1058 1509 1155 1562; x_wconf 89' lang='lat' dir='ltr'>t·rans</span> 
     </span>
     <span class='ocr_line' id='line_1_16' title="bbox 138 1585 1155 1672; baseline -0.003 -19"><span class='ocrx_word' id='word_1_144' title='bbox 138 1596 246 1672; x_wconf 83' lang='lat' dir='ltr'>scripsi</span> <span class='ocrx_word' id='word_1_145' title='bbox 269 1593 318 1653; x_wconf 89' lang='lat' dir='ltr'>hic</span> <span class='ocrx_word' id='word_1_146' title='bbox 337 1595 478 1671; x_wconf 91' lang='lat' dir='ltr'>primaria</span> <span class='ocrx_word' id='word_1_147' title='bbox 498 1593 703 1654; x_wconf 88' lang='lat' dir='ltr'>inlaustaet</span> <span class='ocrx_word' id='word_1_148' title='bbox 663 1611 688 1662; x_wconf 71' lang='lat' dir='ltr'>rs</span> <span class='ocrx_word' id='word_1_149' title='bbox 690 1594 750 1653; x_wconf 91' lang='lat' dir='ltr'>tius</span> <span class='ocrx_word' id='word_1_150' title='bbox 770 1585 907 1653; x_wconf 80' lang='lat' dir='ltr'>eladis⁴⁹⁹</span> <span class='ocrx_word' id='word_1_151' title='bbox 925 1593 1032 1672; x_wconf 89' lang='lat' dir='ltr'>capita,</span> <span class='ocrx_word' id='word_1_152' title='bbox 1054 1593 1155 1671; x_wconf 92' lang='lat' dir='ltr'>prouti</span> 
     </span>
     <span class='ocr_line' id='line_1_17' title="bbox 138 1679 1154 1760; baseline -0.003 -18"><span class='ocrx_word' id='word_1_153' title='bbox 138 1682 212 1742; x_wconf 90' lang='lat' dir='ltr'>mihi</span> <span class='ocrx_word' id='word_1_154' title='bbox 235 1680 271 1742; x_wconf 92' lang='lat' dir='ltr'>ab</span> <span class='ocrx_word' id='word_1_155' title='bbox 294 1681 373 1742; x_wconf 91' lang='lat' dir='ltr'>Hero</span> <span class='ocrx_word' id='word_1_156' title='bbox 396 1700 463 1741; x_wconf 91' lang='lat' dir='ltr'>meo</span> <span class='ocrx_word' id='word_1_157' title='bbox 487 1684 636 1760; x_wconf 85' lang='lat' dir='ltr'>superiori</span> <span class='ocrx_word' id='word_1_158' title='bbox 659 1700 761 1742; x_wconf 90' lang='lat' dir='ltr'>mense</span> <span class='ocrx_word' id='word_1_159' title='bbox 785 1683 961 1742; x_wconf 91' lang='lat' dir='ltr'>transmissa</span> <span class='ocrx_word' id='word_1_160' title='bbox 984 1687 1063 1741; x_wconf 89' lang='lat' dir='ltr'>sunt</span> <span class='ocrx_word' id='word_1_161' title='bbox 1109 1679 1154 1740; x_wconf 86' lang='lat' dir='ltr'>Tu</span> 
     </span>
     <span class='ocr_line' id='line_1_18' title="bbox 139 1770 1154 1852; baseline -0.003 -20.946"><span class='ocrx_word' id='word_1_162' title='bbox 139 1771 269 1832; x_wconf 84' lang='lat' dir='ltr'>osticium</span> <span class='ocrx_word' id='word_1_163' title='bbox 296 1770 367 1831; x_wconf 92' lang='lat' dir='ltr'>boni</span> <span class='ocrx_word' id='word_1_164' title='bbox 393 1770 529 1852; x_wconf 90' lang='lat' dir='ltr'>consule,</span> <span class='ocrx_word' id='word_1_165' title='bbox 556 1770 695 1831; x_wconf 89' lang='lat' dir='ltr'>Bchemis</span> <span class='ocrx_word' id='word_1_166' title='bbox 723 1770 786 1831; x_wconf 87' lang='lat' dir='ltr'>fere</span> <span class='ocrx_word' id='word_1_167' title='bbox 815 1771 967 1851; x_wconf 88' lang='lat' dir='ltr'>oppressis</span> <span class='ocrx_word' id='word_1_168' title='bbox 993 1787 1098 1849; x_wconf 92' lang='lat' dir='ltr'>pacem</span> <span class='ocrx_word' id='word_1_169' title='bbox 1121 1787 1154 1828; x_wconf 91' lang='lat' dir='ltr'>ac</span> 
     </span>
     <span class='ocr_line' id='line_1_19' title="bbox 137 1860 1155 1940; baseline -0.003 -20"><span class='ocrx_word' id='word_1_170' title='bbox 137 1860 226 1920; x_wconf 91' lang='lat' dir='ltr'>libert</span> <span class='ocrx_word' id='word_1_171' title='bbox 215 1867 305 1920; x_wconf 87' lang='lat' dir='ltr'>tatem</span> <span class='ocrx_word' id='word_1_172' title='bbox 342 1879 481 1940; x_wconf 83' lang='lat' dir='ltr'>precare,</span> <span class='ocrx_word' id='word_1_173' title='bbox 518 1879 608 1939; x_wconf 88' lang='lat' dir='ltr'>quam</span> <span class='ocrx_word' id='word_1_174' title='bbox 643 1862 731 1920; x_wconf 85' lang='lat' dir='ltr'>unice</span> <span class='ocrx_word' id='word_1_175' title='bbox 765 1867 912 1939; x_wconf 86' lang='lat' dir='ltr'>quaerunt</span> <span class='ocrx_word' id='word_1_176' title='bbox 943 1866 973 1920; x_wconf 90' lang='lat' dir='ltr'>et</span> <span class='ocrx_word' id='word_1_177' title='bbox 1005 1864 1155 1938; x_wconf 86' lang='lat' dir='ltr'>exoptant</span> 
     </span>
     <span class='ocr_line' id='line_1_20' title="bbox 139 1942 1156 2010; baseline -0.003 0"><span class='ocrx_word' id='word_1_178' title='bbox 139 1950 269 2010; x_wconf 89' lang='lat' dir='ltr'>Salutem</span> <span class='ocrx_word' id='word_1_179' title='bbox 287 1948 340 2010; x_wconf 86' lang='lat' dir='ltr'>Du.</span> <span class='ocrx_word' id='word_1_180' title='bbox 361 1942 572 2010; x_wconf 79' lang='lat' dir='ltr'>Schenekio⁵⁰⁰</span> <span class='ocrx_word' id='word_1_181' title='bbox 595 1968 628 2009; x_wconf 91' lang='lat' dir='ltr'>ac</span> <span class='ocrx_word' id='word_1_182' title='bbox 647 1948 702 2009; x_wconf 93' lang='lat' dir='ltr'>tibi</span> <span class='ocrx_word' id='word_1_183' title='bbox 720 1967 779 2010; x_wconf 89' lang='lat' dir='ltr'>una</span> <span class='ocrx_word' id='word_1_184' title='bbox 798 1966 915 2010; x_wconf 91' lang='lat' dir='ltr'>mecum</span> <span class='ocrx_word' id='word_1_185' title='bbox 932 1947 1051 2009; x_wconf 81' lang='lat' dir='ltr'>Marcus</span> <span class='ocrx_word' id='word_1_186' title='bbox 1070 1965 1156 2008; x_wconf 90' lang='lat' dir='ltr'>meus</span> 
     </span>
     <span class='ocr_line' id='line_1_21' title="bbox 138 2036 1156 2142; baseline -0.002 -44"><span class='ocrx_word' id='word_1_187' title='bbox 138 2058 154 2099; x_wconf 88' lang='lat' dir='ltr'>a</span> <span class='ocrx_word' id='word_1_188' title='bbox 182 2038 347 2117; x_wconf 83' lang='lat' dir='ltr'>Rehlingen</span> <span class='ocrx_word' id='word_1_189' title='bbox 378 2037 568 2126; x_wconf 90' lang='lat' dir='ltr'>transscribit</span> <span class='ocrx_word' id='word_1_190' title='bbox 599 2038 758 2142; x_wconf 90' lang='lat' dir='ltr'>plurimam</span> <span class='ocrx_word' id='word_1_191' title='bbox 789 2057 845 2099; x_wconf 91' lang='lat' dir='ltr'>nec</span> <span class='ocrx_word' id='word_1_192' title='bbox 874 2055 935 2125; x_wconf 89' lang='grc' dir='ltr'>ιιοιι</span> <span class='ocrx_word' id='word_1_193' title='bbox 961 2036 1037 2097; x_wconf 81' lang='lat' dir='ltr'>llnn</span> <span class='ocrx_word' id='word_1_194' title='bbox 1065 2036 1156 2097; x_wconf 87' lang='lat' dir='ltr'>Danis</span> 
     </span>
     <span class='ocr_line' id='line_1_22' title="bbox 138 2118 1155 2208; baseline -0.002 -20"><span class='ocrx_word' id='word_1_195' title='bbox 138 2127 291 2189; x_wconf 88' lang='lat' dir='ltr'>vobiscum</span> <span class='ocrx_word' id='word_1_196' title='bbox 314 2127 483 2208; x_wconf 82' lang='lat' dir='ltr'>agentibus3</span> <span class='ocrx_word' id='word_1_197' title='bbox 508 2122 632 2206; x_wconf 85' lang='lat' dir='ltr'>quinet</span> <span class='ocrx_word' id='word_1_198' title='bbox 650 2129 721 2187; x_wconf 91' lang='lat' dir='ltr'>anni</span> <span class='ocrx_word' id='word_1_199' title='bbox 738 2129 835 2208; x_wconf 91' lang='lat' dir='ltr'>istius,</span> <span class='ocrx_word' id='word_1_200' title='bbox 859 2118 948 2206; x_wconf 88' lang='lat' dir='ltr'>quem</span> <span class='ocrx_word' id='word_1_201' title='bbox 966 2145 1064 2205; x_wconf 91' lang='lat' dir='ltr'>nuper</span> <span class='ocrx_word' id='word_1_202' title='bbox 1083 2125 1155 2186; x_wconf 88' lang='lat' dir='ltr'>adeo</span> 
     </span>
     <span class='ocr_line' id='line_1_23' title="bbox 137 2175 1156 2298; baseline -0.003 -20"><span class='ocrx_word' id='word_1_203' title='bbox 137 2219 266 2296; x_wconf 83' lang='lat' dir='ltr'>ingressi</span> <span class='ocrx_word' id='word_1_204' title='bbox 294 2236 410 2298; x_wconf 92' lang='lat' dir='ltr'>sumus,</span> <span class='ocrx_word' id='word_1_205' title='bbox 437 2216 554 2277; x_wconf 80' lang='lat' dir='ltr'>felicem</span> <span class='ocrx_word' id='word_1_206' title='bbox 581 2235 774 2296; x_wconf 84' lang='lat' dir='ltr'>progressum</span> <span class='ocrx_word' id='word_1_207' title='bbox 803 2175 835 2276; x_wconf 67' lang='lat' dir='ltr'>et⁷</span> <span class='ocrx_word' id='word_1_208' title='bbox 861 2218 974 2277; x_wconf 80' lang='lat' dir='ltr'>exitum</span> <span class='ocrx_word' id='word_1_209' title='bbox 997 2233 1034 2276; x_wconf 86' lang='lat' dir='ltr'>ex</span> <span class='ocrx_word' id='word_1_210' title='bbox 1058 2217 1156 2276; x_wconf 90' lang='lat' dir='ltr'>animo</span> 
     </span>
     <span class='ocr_line' id='line_1_24' title="bbox 137 2303 1153 2389; baseline 0 -25"><span class='ocrx_word' id='word_1_211' title='bbox 137 2306 227 2367; x_wconf 90' lang='lat' dir='ltr'>Vobis</span> <span class='ocrx_word' id='word_1_212' title='bbox 251 2325 417 2389; x_wconf 82' lang='lat' dir='ltr'>precamur,</span> <span class='ocrx_word' id='word_1_213' title='bbox 441 2325 510 2367; x_wconf 91' lang='lat' dir='ltr'>cum</span> <span class='ocrx_word' id='word_1_214' title='bbox 532 2312 613 2366; x_wconf 91' lang='lat' dir='ltr'>voto:</span> <span class='ocrx_word' id='word_1_215' title='bbox 636 2304 824 2366; x_wconf 85' lang='lat' dir='ltr'>Anthhrlstl</span> <span class='ocrx_word' id='word_1_216' title='bbox 846 2304 939 2366; x_wconf 79' lang='lat' dir='ltr'>selles</span> <span class='ocrx_word' id='word_1_217' title='bbox 963 2303 1024 2365; x_wconf 88' lang='lat' dir='ltr'>ilat</span> <span class='ocrx_word' id='word_1_218' title='bbox 1045 2303 1153 2365; x_wconf 91' lang='lat' dir='ltr'>ernae</span> 
     </span>
    </p>
   </div>
   <div class='ocr_carea' id='block_1_3' title="bbox 138 2395 1157 2811">
    <p class='ocr_par' dir='ltr' id='par_1_3' title="bbox 158 2395 293 2457">
     <span class='ocr_line' id='line_1_25' title="bbox 158 2395 293 2457; baseline 0.007 -1"><span class='ocrx_word' id='word_1_219' title='bbox 158 2395 293 2457; x_wconf 86' lang='lat' dir='ltr'>roXlMa!</span> 
     </span>
    </p>

    <p class='ocr_par' dir='ltr' id='par_1_4' title="bbox 138 2416 1157 2811">
     <span class='ocr_line' id='line_1_26' title="bbox 138 2416 1157 2586; baseline 0 -23"><span class='ocrx_word' id='word_1_220' title='bbox 138 2416 157 2475; x_wconf 70' lang='lat' dir='ltr'>p</span> <span class='ocrx_word' id='word_1_221' title='bbox 183 2503 366 2586; x_wconf 90' lang='lat' dir='ltr'>Salmurii,</span> <span class='ocrx_word' id='word_1_222' title='bbox 388 2500 417 2564; x_wconf 84' lang='lat'>9.</span> <span class='ocrx_word' id='word_1_223' title='bbox 437 2503 567 2563; x_wconf 88' lang='lat' dir='ltr'>ianuarii</span> <span class='ocrx_word' id='word_1_224' title='bbox 586 2495 714 2586; x_wconf 81' lang='lat'>(1621),</span> <span class='ocrx_word' id='word_1_225' title='bbox 733 2520 770 2563; x_wconf 85' lang='lat' dir='ltr'>ex</span> <span class='ocrx_word' id='word_1_226' title='bbox 789 2500 913 2562; x_wconf 91' lang='lat' dir='ltr'>aedibus</span> <span class='ocrx_word' id='word_1_227' title='bbox 930 2500 987 2566; x_wconf 85' lang='lat' dir='ltr'>nn.</span> <span class='ocrx_word' id='word_1_228' title='bbox 1005 2499 1157 2580; x_wconf 82' lang='lat' dir='ltr'>Granjoni.</span> 
     </span>
     <span class='ocr_line' id='line_1_27' title="bbox 187 2608 1112 2691; baseline -0.002 -21"><span class='ocrx_word' id='word_1_229' title='bbox 187 2610 268 2670; x_wconf 87' lang='lat' dir='ltr'>Tuus</span> <span class='ocrx_word' id='word_1_230' title='bbox 289 2610 376 2691; x_wconf 89' lang='lat' dir='ltr'>idem,</span> <span class='ocrx_word' id='word_1_231' title='bbox 396 2612 448 2690; x_wconf 90' lang='lat' dir='ltr'>qui</span> <span class='ocrx_word' id='word_1_232' title='bbox 467 2627 593 2691; x_wconf 89' lang='lat' dir='ltr'>semper,</span> <span class='ocrx_word' id='word_1_233' title='bbox 611 2608 833 2670; x_wconf 90' lang='lat' dir='ltr'>Hermannus</span> <span class='ocrx_word' id='word_1_234' title='bbox 852 2608 1112 2688; x_wconf 82' lang='lat' dir='ltr'>Tbederingus.</span> 
     </span>
     <span class='ocr_line' id='line_1_28' title="bbox 204 2728 1155 2811; baseline -0.002 -17"><span class='ocrx_word' id='word_1_235' title='bbox 204 2736 287 2796; x_wconf 79' lang='lat' dir='ltr'>Huic</span> <span class='ocrx_word' id='word_1_236' title='bbox 324 2738 470 2811; x_wconf 76' lang='lat' dir='ltr'>epistolae</span> <span class='ocrx_word' id='word_1_237' title='bbox 507 2736 646 2795; x_wconf 80' lang='lat' dir='ltr'>additum</span> <span class='ocrx_word' id='word_1_238' title='bbox 678 2740 737 2794; x_wconf 88' lang='lat' dir='ltr'>est:</span> <span class='ocrx_word' id='word_1_239' title='bbox 774 2728 911 2794; x_wconf 76' lang='lat' dir='ltr'>‘Extraet</span> <span class='ocrx_word' id='word_1_240' title='bbox 942 2732 1016 2794; x_wconf 90' lang='lat' dir='ltr'>oder</span> <span class='ocrx_word' id='word_1_241' title='bbox 1048 2732 1155 2804; x_wconf 84' lang='lat' dir='ltr'>Quinta</span> 
     </span>
    </p>
   </div>
   <div class='ocr_carea' id='block_1_4' title="bbox 136 2820 1156 2996">
    <p class='ocr_par' dir='ltr' id='par_1_5' title="bbox 136 2820 1156 2996">
     <span class='ocr_line' id='line_1_29' title="bbox 137 2820 1156 2905; baseline -0.002 -21"><span class='ocrx_word' id='word_1_242' title='bbox 137 2825 267 2885; x_wconf 88' lang='lat' dir='ltr'>essentia</span> <span class='ocrx_word' id='word_1_243' title='bbox 289 2823 382 2885; x_wconf 90' lang='lat' dir='ltr'>vieler</span> <span class='ocrx_word' id='word_1_244' title='bbox 401 2823 565 2902; x_wconf 81' lang='lat' dir='ltr'>Zeitungen</span> <span class='ocrx_word' id='word_1_245' title='bbox 589 2822 654 2883; x_wconf 83' lang='lat' dir='ltr'>auls</span> <span class='ocrx_word' id='word_1_246' title='bbox 672 2821 815 2904; x_wconf 80' lang='lat' dir='ltr'>Bdhmen,</span> <span class='ocrx_word' id='word_1_247' title='bbox 838 2820 1003 2905; x_wconf 87' lang='lat' dir='ltr'>Schlesien,</span> <span class='ocrx_word' id='word_1_248' title='bbox 1025 2821 1156 2902; x_wconf 76' lang='lat' dir='ltr'>illibren,</span> 
     </span>
     <span class='ocr_line' id='line_1_30' title="bbox 136 2906 718 2996; baseline -0.005 -22"><span class='ocrx_word' id='word_1_249' title='bbox 136 2912 266 2996; x_wconf 84' lang='lat' dir='ltr'>Ungern,</span> <span class='ocrx_word' id='word_1_250' title='bbox 289 2912 411 2994; x_wconf 92' lang='lat' dir='ltr'>Pohlen,</span> <span class='ocrx_word' id='word_1_251' title='bbox 434 2911 627 2973; x_wconf 88' lang='lat' dir='ltr'>Niederlandt</span> <span class='ocrx_word' id='word_1_252' title='bbox 650 2906 718 2971; x_wconf 69' lang='lat' dir='ltr'>ete?</span> 
     </span>
    </p>
   </div>
   <div class='ocr_carea' id='block_1_5' title="bbox 137 3137 1155 3317">
    <p class='ocr_par' dir='ltr' id='par_1_6' title="bbox 137 3137 1155 3317">
     <span class='ocr_line' id='line_1_31' title="bbox 285 3137 1009 3225; baseline -0.001 -18"><span class='ocrx_word' id='word_1_253' title='bbox 285 3139 336 3208; x_wconf 79' lang='lat'>78.</span> <span class='ocrx_word' id='word_1_254' title='bbox 368 3142 405 3209; x_wconf 89' lang='lat' dir='ltr'>ll.</span> <span class='ocrx_word' id='word_1_255' title='bbox 429 3139 657 3225; x_wconf 77' lang='lat' dir='ltr'>Thederingus</span> <span class='ocrx_word' id='word_1_256' title='bbox 680 3138 749 3207; x_wconf 88' lang='lat' dir='ltr'>llic.</span> <span class='ocrx_word' id='word_1_257' title='bbox 772 3137 1009 3206; x_wconf 87' lang='lat' dir='ltr'>Rittersbnsio.</span> 
     </span>
     <span class='ocr_line' id='line_1_32' title="bbox 137 3260 1155 3317; baseline 0.001 -4"><span class='ocrx_word' id='word_1_258' title='bbox 137 3260 308 3317; x_wconf 70' lang='lat' dir='ltr'>nancisci.</span> <span class='ocrx_word' id='word_1_259' title='bbox 934 3266 978 3316; x_wconf 75' lang='grc' dir='ltr'>ιι.</span> <span class='ocrx_word' id='word_1_260' title='bbox 997 3261 1058 3316; x_wconf 76' lang='lat' dir='ltr'>Ion.</span> <span class='ocrx_word' id='word_1_261' title='bbox 1079 3265 1155 3316; x_wconf 73' lang='lat'><strong>1624.</strong></span> 
     </span>
    </p>
   </div>
   <div class='ocr_carea' id='block_1_6' title="bbox 136 3373 1156 3636">
    <p class='ocr_par' dir='ltr' id='par_1_7' title="bbox 136 3373 1156 3636">
     <span class='ocr_line' id='line_1_33' title="bbox 204 3373 1155 3458; baseline -0.001 -22"><span class='ocrx_word' id='word_1_262' title='bbox 204 3423 211 3436; x_wconf 90' lang='lat'><strong>.</strong></span> <span class='ocrx_word' id='word_1_263' title='bbox 226 3424 233 3436; x_wconf 92' lang='lat'><strong>.</strong></span> <span class='ocrx_word' id='word_1_264' title='bbox 249 3375 369 3436; x_wconf 88' lang='lat' dir='ltr'>Nicolao</span> <span class='ocrx_word' id='word_1_265' title='bbox 383 3376 593 3458; x_wconf 87' lang='lat' dir='ltr'>Rittersbusio,</span> <span class='ocrx_word' id='word_1_266' title='bbox 612 3378 724 3437; x_wconf 82' lang='lat' dir='ltr'>iunium</span> <span class='ocrx_word' id='word_1_267' title='bbox 738 3374 893 3436; x_wconf 88' lang='lat' dir='ltr'>candidato</span> <span class='ocrx_word' id='word_1_268' title='bbox 908 3421 916 3435; x_wconf 93' lang='lat'><strong>.</strong></span> <span class='ocrx_word' id='word_1_269' title='bbox 931 3421 939 3436; x_wconf 93' lang='lat'><strong>.</strong></span> <span class='ocrx_word' id='word_1_270' title='bbox 959 3373 1155 3454; x_wconf 80' lang='lat' dir='ltr'>Konigsberg.</span> 
     </span>
     <span class='ocr_line' id='line_1_34' title="bbox 136 3464 661 3546; baseline 0.002 -21"><span class='ocrx_word' id='word_1_271' title='bbox 136 3465 206 3526; x_wconf 80' lang='lat' dir='ltr'>Auli</span> <span class='ocrx_word' id='word_1_272' title='bbox 226 3465 280 3525; x_wconf 92' lang='lat' dir='ltr'>der</span> <span class='ocrx_word' id='word_1_273' title='bbox 301 3464 392 3545; x_wconf 82' lang='lat' dir='ltr'>Wage</span> <span class='ocrx_word' id='word_1_274' title='bbox 417 3469 458 3526; x_wconf 91' lang='lat' dir='ltr'>im</span> <span class='ocrx_word' id='word_1_275' title='bbox 481 3465 661 3546; x_wconf 88' lang='lat' dir='ltr'>Kneiphove.</span> 
     </span>
     <span class='ocr_line' id='line_1_35' title="bbox 206 3551 1156 3636; baseline -0.002 -21"><span class='ocrx_word' id='word_1_276' title='bbox 206 3554 337 3616; x_wconf 85' lang='lat' dir='ltr'>Salutem</span> <span class='ocrx_word' id='word_1_277' title='bbox 353 3562 382 3615; x_wconf 89' lang='lat' dir='ltr'>et</span> <span class='ocrx_word' id='word_1_278' title='bbox 396 3556 492 3616; x_wconf 87' lang='lat' dir='ltr'>officia</span> <span class='ocrx_word' id='word_1_279' title='bbox 507 3554 619 3616; x_wconf 80' lang='lat' dir='ltr'>debita!</span> <span class='ocrx_word' id='word_1_280' title='bbox 643 3556 868 3634; x_wconf 86' lang='lat' dir='ltr'>Quamprimum</span> <span class='ocrx_word' id='word_1_281' title='bbox 882 3553 934 3636; x_wconf 85' lang='lat' dir='ltr'>Te,</span> <span class='ocrx_word' id='word_1_282' title='bbox 947 3551 1156 3614; x_wconf 88' lang='lat' dir='ltr'>Praestantiss.</span> 
     </span>
    </p>
   </div>
   <div class='ocr_carea' id='block_1_7' title="bbox 0 0 1204 3966">
    <p class='ocr_par' dir='ltr' id='par_1_8' title="bbox 0 0 1204 3966">
     <span class='ocr_line' id='line_1_36' title="bbox 0 0 1204 3966; baseline 0 0"><span class='ocrx_word' id='word_1_283' title='bbox 0 0 1204 3966; x_wconf 95' lang='lat' dir='ltr'> </span> 
     </span>
    </p>
   </div>
  </div>
 </body>
</html>
