2400 3966
93 157 139 222 52
533 156 687 213 remeas

97 309 237 388 principi.
269 306 308 366 Et
329 315 364 367 tu
385 314 478 386 recte,
499 308 552 385 qui
575 314 604 366 et
622 305 696 367 illud
719 325 823 368 acrum
841 305 921 367 velut
943 325 959 366 e
978 306 1110 367 tenebris
1122 345 1156 388 u

98 396 136 458 ad
158 396 257 456 lucem
279 395 438 475 protrahis
478 394 666 474 Epigramma
688 397 822 474 proxime
846 395 1025 477 expectabis,
1049 398 1151 481 siretp'

97 489 157 546 erit
187 480 336 564 elegiam.
380 484 466 564 casp
493 483 636 564 Seboppii
666 484 750 545 aride
777 484 896 566 videbo,
927 484 980 545 ubi
1010 480 1112 565 prodi·
1125 488 1156 568 ,p

98 569 233 636 erintffl.
268 574 371 654 Ιρεωιι
392 581 493 634 umen
515 575 565 633 rix
586 572 624 634 de
646 576 766 634 nomine
789 576 866 634 novi.
902 572 990 635 Novit
1011 580 1111 634 tamen
1127 582 1154 658 3„-

97 664 249 725 Freberus
271 671 388 743 nostor,
414 665 467 742 qui
492 664 526 723 in
551 662 700 723 demortui
722 656 849 722 Pacii²³⁵
876 662 974 724 locum
1002 663 1111 724 substi·
1129 648 1156 750 ff]

97 762 200 814 teretur
230 751 316 813 brevi
346 752 500 831 professor
530 750 657 813 Codicis
702 750 814 811 Vellem
844 751 945 812 hercle
977 759 1007 813 et
1038 751 1112 812 mibi
1133 798 1154 841 ι

97 844 317 903 transmisisses
353 840 492 920 Capitum
525 839 739 901 verisimilium
773 839 893 901 illorum
928 834 1155 932 indicendi„

98 931 222 991 Possem
245 933 327 991 enim
348 929 435 991 facile
458 948 496 990 ex
518 948 618 1008 ungue
636 929 761 990 leonem
794 928 827 989 Si
844 937 944 991 tamen
961 933 1112 1010 integrum
1137 976 1154 1021 u

98 1029 157 1100 est,
188 1037 277 1079 mone
306 1037 390 1100 eum,
420 1036 459 1079 ne
487 1018 558 1098 qrrid
585 1021 671 1099 citet,
703 1020 730 1078 si
752 1019 828 1078 lorte
852 1019 923 1098 quid
947 1018 1063 1100 citabit,
1094 1037 1111 1080 o
1139 1068 1156 1111 η

96 1108 206 1169 libellis
228 1111 305 1168 meis
324 1108 542 1188 suspicionum
578 1107 651 1167 Tam
674 1106 766 1168 multa
788 1109 870 1168 enim
892 1109 924 1168 in
946 1110 984 1169 iis
1008 1108 1112 1190 delevi,
1142 1158 1155 1201 ι

97 1199 218 1278 mutari,
236 1196 381 1279 supplevi,
398 1204 433 1258 ut
446 1198 578 1277 priorem
596 1195 758 1257 editionem
777 1198 836 1256 iam
854 1215 933 1258 nunc
947 1199 1111 1278 proiiciam,
1144 1248 1155 1295 ι

97 1305 244 1367 exponam
261 1286 445 1365 habeamque
463 1303 519 1364 pro
537 1284 689 1366 derelicto,
710 1285 930 1364 prodibuntque
944 1305 1013 1346 niox
1033 1288 1111 1347 eius·
1150 1321 1156 1380 p

96 1377 166 1437 dem
184 1378 315 1437 nominis
329 1375 422 1436 libelli
435 1367 576 1455 ΧΧΧΜ,
594 1392 670 1454 quos
683 1392 763 1435 nunc
781 1375 894 1454 retingo
913 1374 950 1435 ad
972 1393 1111 1454 unguem.
1154 1432 1156 1462 ἱ

97 1465 198 1544 Scipio
220 1466 300 1544 piam
324 1482 445 1544 operam
462 1471 550 1524 navat
567 1462 727 1524 Donellieis
749 1457 855 1523 illis²⁴⁸
875 1481 933 1524 nee
950 1467 1063 1543 poterit
1080 1463 1111 1524 id
1154 1519 1156 1543 1

95 1571 156 1613 non
178 1571 246 1613 esse
270 1555 474 1631 gratissimum
496 1551 711 1631 elegantissimi
732 1553 790 1612 viri
811 1551 957 1613 manibus.
990 1552 1031 1613 lis
1055 1571 1109 1632 ego
1155 1550 1156 1554 ’

96 1641 230 1721 quidem,
263 1644 308 1701 uti
339 1641 457 1719 pridem
488 1643 668 1720 scripseram
699 1634 810 1721 tibim,
847 1641 939 1702 multa
970 1660 1112 1703 versuum

94 1731 248 1810 parentari
276 1729 440 1810 farragine,
473 1729 526 1789 scd
549 1747 618 1790 cum
644 1731 704 1790 iam
730 1747 828 1808 nuper
852 1732 1021 1811 migrarim‚
1051 1749 1112 1791 non

94 1818 180 1879 licuit
201 1818 335 1877 incidere
358 1819 390 1876 in
412 1819 508 1898 ipsos3
535 1835 615 1879 nuno
636 1825 752 1878 tantum
774 1818 965 1879 incurrebam
987 1821 1020 1879 in
1042 1819 1112 1898 Epi-

95 1913 256 1986 grammata
283 1904 408 1986 aliquot,
441 1923 516 1985 quae
543 1909 571 1967 si
596 1906 653 1966 tibi
684 1907 721 1967 ad
748 1914 882 1988 gustum,
914 1925 1022 1986 operae
1053 1911 1112 1969 erit

93 1996 224 2074 pretium
255 2001 359 2073 postea
390 1996 481 2054 etiam
513 1997 632 2055 mittere
664 2003 770 2056 cetera.
822 1995 901 2075 Ergo
934 2014 969 2056 ea
1002 1999 1046 2057 sio
1079 2015 1111 2058 se

93 2082 205 2145 habent
227 2085 340 2162 scripta
362 2083 437 2143 mihi
455 2090 523 2145 ante
542 2101 636 2144 annos
649 2083 725 2165 xffl,
738 2083 802 2144 XIV
819 2084 887 2164 plus
905 2079 1052 2146 minus²⁵⁰

94 2172 154 2233 Sed
175 2180 307 2253 praestat
331 2173 440 2253 liniam,
462 2190 500 2232 ne
523 2190 585 2233 non
607 2180 728 2251 gustum
749 2171 807 2232 tibi
829 2173 900 2234 dare
922 2173 1034 2254 videar,
1058 2174 1112 2235 sed

95 2278 219 2322 coenam
241 2264 396 2339 integram.
441 2259 510 2322 Vale
539 2263 639 2339 itaque
667 2269 697 2321 et
724 2260 816 2342 salve,
844 2264 1023 2322 amicissime
1047 2261 1112 2322 Rit-

92 2349 234 2431 tershusi‚
258 2368 326 2410 oum
348 2357 400 2410 tua
422 2348 584 2410 lectissima
602 2352 727 2428 coniuge
751 2358 781 2411 et
799 2349 936 2411 dulcibus
954 2349 1059 2410 liberis
1078 2353 1111 2411 in

92 2438 172 2499 hunc
200 2446 230 2498 ct
256 2438 358 2517 plures
386 2456 487 2498 annos.
533 2437 619 2509 Quod
645 2445 747 2498 votum
774 2441 913 2517 impartio
940 2441 1014 2500 item
1036 2442 1111 2500 viris

91 2528 283 2586 amicissimis
314 2525 439 2586 Domino
471 2525 691 2607 Wesembecio‚
722 2524 848 2587 Domino
881 2527 1005 2610 Gentili,
1037 2531 1111 2590 item

90 2612 169 2672 binis
193 2615 342 2691 germanis
365 2613 552 2675 Camerariis.

134 2716 408 2799 Heidelbergae‚
432 2718 480 2778 die
505 2716 559 2782 17.
575 2718 662 2780 Febr.
684 2714 817 2803 1596*).

294 2935 340 3008 41.
372 2940 399 3006 Ι.
425 2939 584 3009 Gruterus
608 2944 639 3011 G.
662 2943 898 3016 Rittorsbusio.

88 3061 378 3133 (Heidelbergae).
861 3071 904 3122 19.
923 3068 1008 3126 Mart.
1029 3076 1110 3129 1596.

155 3156 333 3217 Revertente
361 3155 398 3216 ad
421 3174 472 3216 vos
495 3155 700 3219 Wesembecio
725 3155 840 3241 filio²⁶¹‚
869 3180 925 3224 nec
948 3164 1030 3225 volui
1053 3185 1111 3228 nec

88 3247 172 3325 potui
199 3248 257 3305 tria
288 3243 392 3304 saltem
425 3244 514 3304 verba
547 3253 577 3305 et
606 3245 674 3326 tibi,
707 3251 886 3310 amicissime
915 3251 1111 3337 Rittershusi‚

90 3332 198 3412 quibus
223 3333 327 3393 saltem
351 3332 513 3393 indicarem
537 3334 727 3412 respondisse
747 3353 795 3396 me
814 3339 992 3417 iampridem
1012 3341 1111 3405 literis

91 3458 240 3465 ——w--
278 3458 286 3462 -

162 3523 187 3593 ²¹⁸)
207 3520 272 3578 eod.
292 3525 374 3577 1697.
