2400 3966
133 173 196 239 132
527 169 754 244 nrueaesngs

284 352 330 422 91.
364 354 402 423 Η.
426 353 654 441 'lbederiugus
677 352 746 422 llio.
769 352 1002 443 Rittersbusio.
1174 414 1194 470 m

199 576 419 653 Clarissimo'et
433 589 661 652 Consultissimo
670 589 739 650 Viro
754 589 879 650 Domino
893 587 1015 650 Nicolao
1025 589 1150 650 Ritters·
1175 605 1198 655 u

133 681 220 742 husie
239 681 317 763 ldie,
340 680 466 741 Domino
490 688 520 741 et
543 681 637 740 amico
660 697 728 740 meo
751 686 785 740 ut
803 681 906 760 veteri,
928 681 970 739 ita
988 678 1150 759 plurimum
1178 694 1198 744 tr

135 769 317 832 honorando.
363 768 547 848 Nurrnberg.
1177 789 1198 833 u

200 858 371 920 Clarissima
391 865 421 918 et
436 858 663 920 consultissime
677 856 737 939 Vir,
755 856 880 919 Domine
899 864 929 918 et
947 859 1042 919 amice
1057 856 1151 937 pluri·
1178 877 1184 917 r

132 967 216 1010 mum
237 945 426 1009 honorande!
1182 957 1193 1012 ι’

202 1036 260 1098 Sal.
289 1044 319 1098 et
347 1035 464 1097 Officia!
509 1035 669 1097 Biennium
699 1042 746 1096 est
773 1043 803 1096 et
831 1034 909 1115 quod
937 1037 1083 1117 excurrit,
1116 1054 1153 1097 ex
1193 1048 1195 1056 ·

134 1145 193 1206 quo
226 1128 376 1206 resignata
409 1126 665 1187 administratione
697 1124 905 1204 Dynastiarum
934 1124 1092 1204 Oderburg
1124 1131 1153 1186 et
1182 1133 1198 1194 ri

134 1215 269 1296 Bythom.
292 1218 325 1276 in
348 1216 504 1295 superiore
528 1213 635 1275 Silesia
657 1215 690 1274 in
712 1216 839 1294 patriam
861 1213 952 1297 redii,
979 1232 1039 1293 quo
1062 1216 1153 1275 unius
1196 1253 1197 1256 =

134 1307 254 1385 nepotis
281 1312 312 1367 et
338 1306 429 1366 unius
456 1306 556 1384 neptis
583 1302 693 1364 tutelae
716 1303 879 1385 legitimae,
907 1321 996 1382 quam
1018 1322 1153 1384 praema-
1194 1353 1197 1362 .

134 1402 221 1456 turus
245 1394 342 1456 abitus
366 1401 395 1455 et
413 1393 512 1455 obitus
532 1394 645 1454 sororis
663 1392 738 1453 mihi
755 1395 861 1454 unicae
880 1391 1152 1474 dilectissimaeque
1187 1415 1198 1463 t

135 1486 168 1544 in
187 1502 234 1544 me
253 1481 431 1565 devolverat,
449 1500 643 1562 mearumque
663 1480 752 1543 simul
770 1499 872 1543 rerum
892 1500 994 1543 curam
1007 1500 1154 1561 gererem.

134 1571 176 1633 De
206 1572 248 1633 Te
281 1573 400 1650 saepius
433 1591 502 1633 eum
534 1570 670 1651 Spectab.
697 1569 751 1632 Du.
777 1564 967 1632 Rossorio⁶²²
999 1589 1154 1633 sermones

135 1661 243 1741 babiti3
270 1663 437 1740 parentatio
464 1668 515 1721 tua
544 1661 626 1721 affini
650 1661 746 1741 ipsius
768 1659 906 1739 Lugduni
929 1659 1082 1722 Gallorum
1100 1662 1154 1740 ‘pie
1192 1688 1195 1705 =

134 1752 195 1810 vita
223 1750 324 1811 iuncto
354 1749 404 1811 hie
431 1750 572 1813 adornata
600 1743 665 1834 (cui
687 1752 777 1811 etiam
802 1768 819 1810 a
842 1768 890 1810 me
912 1768 1018 1811 versus
1041 1749 1157 1829 aliquot
1194 1778 1198 1817 r

131 429 300 519 nancisci.
935 463 961 513 4.
980 457 1051 513 Maii
1071 463 1149 514 leae.
1174 515 1182 557 Ι

22 1883 29 1900 .
135 1837 278 1917 lugubres
305 1832 488 1922 impetrasti)
517 1838 553 1899 ab
582 1838 687 1900 eodem
715 1840 872 1920 requisita3
904 1839 957 1900 sed
984 1838 1035 1900 ille
1063 1838 1154 1900 ullam
1196 1869 1198 1905 ι

136 1926 227 1988 talem
249 1930 486 2007 parentationem
509 1946 526 1988 a
550 1946 582 1988 se
604 1929 699 1989 visam
721 1946 853 2008 unquam
875 1930 1057 2010 pernegavit,
1081 1928 1156 1990 adeo

135 2024 170 2078 ut·
193 2016 236 2078 Te
264 2019 451 2096 propositum
478 2016 625 2096 migrasse
651 2016 698 2078 vel
725 2016 878 2079 distulisse
906 2019 1056 2079 coniicere
1084 2017 1156 2079 inde

137 2104 265 2167 licuerit.
311 2105 508 2186 Noribergam
530 2105 635 2167 reduci
657 2105 726 2167 Tibi
748 2108 848 2168 omnia
872 2125 908 2168 ex
930 2113 999 2168 voto
1022 2106 1157 2188 fluxisse,

136 2195 256 2257 viduam
274 2213 384 2275 genere
404 2202 434 2256 et
451 2194 613 2256 virtutibus
626 2194 766 2276 nobilem,
784 2194 966 2276 amplissima
981 2195 1049 2257 dote
1064 2199 1155 2276 stipa-

136 2291 197 2346 tam
224 2288 256 2346 in
282 2287 507 2346 matrimonium
537 2303 554 2345 a
582 2285 624 2345 Te
652 2278 825 2365 ductam⁵²³‚
856 2284 1023 2346 loacbimus
1050 2293 1156 2346 noster

137 2364 317 2436 Olhatius⁵²⁴
340 2393 441 2435 coram
463 2373 574 2437 retulit.
603 2374 710 2446 ¹Quam
733 2375 882 2434 fortunam
905 2377 950 2435 uti
973 2373 1041 2436 'libi
1063 2374 1157 2437 bene·

135 2466 265 2525 merenti
291 2465 427 2544 impense
456 2461 602 2544 gratulor,
629 2465 671 2525 ita
697 2463 772 2525 mihi
797 2465 875 2525 votis
897 2464 1027 2525 assiduis
1051 2458 1156 2548 (modo

135 2552 195 2613 fata
223 2546 416 2638 annuerentl)
446 2553 575 2614 similem
601 2552 745 2614 haetenus
773 2554 923 2635 exoptavi,
952 2555 1003 2632 qui
1026 2553 1156 2615 celibem

136 2641 234 2701 adhuc
252 2649 282 2702 et
300 2644 445 2720 privatam
462 2644 554 2703 vitam
572 2641 649 2721 apud
668 2660 751 2703 meos
771 2642 856 2704 duco.
894 2642 978 2724 Sunt,
1000 2644 1053 2722 qui
1070 2642 1155 2705 bisce

135 2735 304 2810 temporum
319 2730 535 2792 calamitatibus
550 2737 581 2792 et
594 2733 680 2792 miris
693 2729 951 2793 vicissitudinibus
965 2749 982 2792 e
996 2750 1030 2793 re
1040 2732 1155 2793 littera·

135 2825 235 2879 torum
266 2825 373 2899 putent
405 2819 522 2900 placitis
555 2820 702 2882 eiusmodi
734 2819 915 2882 abstinuisse
942 2828 993 2883 aut
1020 2823 1154 2883 caruisse

135 2904 236 2987 bonis,
264 2909 316 2986 qui
343 2927 416 2969 num
444 2908 584 2970 audiendi
611 2910 684 2991 sint,
712 2928 804 2988 penes
833 2910 874 2971 'le
902 2916 967 2971 esto
993 2910 1155 2993 iudicium3

135 2994 210 3055 mihi
237 2999 337 3058 verius
365 2996 438 3058 illud
466 2997 584 3059 videtur
609 2999 729 3061 allatum
752 3001 920 3081 antiquum,
946 2998 1059 3060 nullius
1081 2999 1155 3061 boni

136 3085 201 3145 sine
225 3087 306 3145 socio
331 3094 381 3147 aut
404 3090 484 3149 socia
507 3087 666 3149 iucundam
690 3107 756 3150 esse
779 3090 1001 3169 possessionem
1024 3095 1054 3150 et
1077 3106 1154 3150 onus

137 3172 334 3254 quodeunque
367 3175 483 3237 facilius
516 3177 680 3238 aduobus
713 3196 801 3257 quam
832 3196 891 3239 uno
919 3179 1041 3256 portari
1094 3177 1154 3239 Sed

136 3263 269 3324 sinamus
291 3264 341 3325 hic
365 3265 527 3343 quemlibet
551 3285 604 3327 suo
628 3285 719 3328 sensu
738 3261 896 3328 abundare.
934 3266 1037 3328 Sortes
1056 3266 1153 3328 homi-

135 3368 207 3411 num
240 3355 272 3412 in
303 3372 394 3414 manu
421 3355 475 3415 liei
505 3373 571 3416 esse
599 3355 686 3416 uobis
714 3355 892 3417 Christianis
920 3362 1049 3439 constat;
1081 3356 1154 3419 huic

136 3440 319 3503 confidentes
342 3460 402 3502 nou
426 3444 654 3524 confundentur,
677 3451 708 3506 et
725 3444 796 3507 licet
813 3463 875 3506 nou
893 3463 1013 3526 semper
1030 3447 1153 3509 exaudi·

136 3538 223 3591 antur
252 3531 289 3592 ad
316 3529 511 3615 voluntatem,
545 3533 735 3595 adsalutem
762 3542 863 3596 tamen
889 3536 1025 3614 ipsorum
1054 3539 1153 3598 omnia
