2400 3966
130 169 174 241 22
557 168 631 228 noo.
650 167 733 223 nessa

136 337 238 379 carere
272 335 377 396 queam
410 336 497 396 quam
529 324 633 377 tonsor
666 316 815 378 novacula.
862 316 963 396 ltaque
995 319 1189 396 propriumr

133 407 208 467 mihi
231 408 333 486 paravi
355 413 500 485 tuumque
532 407 637 466 remisi
666 407 710 467 uti
733 423 793 466 non
822 409 946 487 ignarus
974 414 1005 466 te
1034 424 1188 486 quoquot

33 500 36 505 '
134 515 358 576 nonnumquam
394 494 511 556 levandi
548 497 640 556 animi
676 514 764 556 causa
801 497 833 555 in
874 495 905 555 id
947 498 1156 556 amoeniorum
1182 525 1190 566 ι

27 575 39 662 ι’
134 579 315 665 scriptorum
338 601 432 663 genus
455 582 585 644 velutin
608 584 751 663 quosdam
779 583 917 645 laetiores
941 603 1079 646 secessus
1103 603 1154 646 ex·
1184 615 1190 655 t

124 677 265 754 ‘spatiari
313 673 371 734 Sed
394 673 470 734 heus
493 671 538 733 tul
563 673 680 753 qnando
705 673 783 752 quod
808 676 898 734 toties
920 673 1084 754 polliceris,
1108 672 1157 735 vel
1185 706 1190 743 ξ

137 762 230 823 semel
253 759 411 842 praestas?
435 762 505 824 Scin
525 762 596 842 quid
620 759 737 823 dicam?
755 762 793 822 Et
811 763 894 823 vides
913 765 1003 823 etiarn
1021 761 1156 824 vellicari
1186 796 1190 834 ι

134 859 164 912 te
189 851 311 912 incultis
334 851 503 931 versiculis,
536 853 562 911 si
586 852 673 911 modo
697 851 752 911 tibi
780 870 797 911 a
818 850 967 911 loachimo
992 859 1062 912 sunt
1085 852 1154 913 red·
1187 884 1190 923 ς

128 940 187 1000 diti
195 934 234 1021 ⁸³,
263 958 337 1019 qnos
361 940 548 1001 redditurum
571 939 626 999 tibi
649 939 845 1019 pollicebatur
874 959 922 1001 me
946 942 1036 1001 etiam
1060 940 1154 1002 recla-

130 1035 239 1090 mante.
290 1029 365 1093 Nam
394 1031 490 1108 ipsius
522 1031 691 1107 insperatus
723 1028 837 1089 reditus
870 1032 1039 1108 argumenti
1071 1029 1153 1091 illius

132 1121 242 1179 seriem
271 1116 449 1179 turbaverat.
496 1117 580 1188 Quod
610 1119 635 1176 si
664 1120 805 1196 accepisti
837 1136 958 1179 carmen
989 1118 1059 1200 hoo,
1090 1137 1153 1180 non

127 1207 235 1293 xdubito
261 1225 422 1286 agnoscere
441 1213 471 1268 te
495 1206 654 1268 candidum
677 1208 708 1267 in
731 1213 760 1266 te
784 1209 930 1288 animum,
958 1209 985 1268 si
1008 1207 1152 1290 nondum,

130 1295 207 1358 malo
231 1300 331 1377 perire
351 1315 440 1376 quam
458 1297 666 1375 intempestive
685 1295 779 1356 reddi.
812 1294 853 1356 lle
873 1296 930 1357 fide
954 1296 1064 1358 deinde
1084 1315 1152 1359 mea

59 1433 63 1440 .
130 1386 205 1447 nihil
228 1385 317 1447 velim
345 1385 477 1467 dubiteS,
506 1404 581 1465 quae
611 1386 731 1445 tametsi
754 1385 869 1445 tardius
898 1402 986 1464 quarn
1014 1387 1152 1447 futurum

130 1477 333 1536 existimaram
356 1475 522 1554 redimitur,
545 1482 645 1535 tamen
668 1491 756 1552 spero
779 1480 808 1534 te
827 1474 998 1535 tarditatem
1017 1474 1095 1537 hanc
1119 1481 1150 1536 et

128 1565 189 1643 ipsi
211 1565 285 1623 mihi
307 1565 454 1642 ingratam
481 1563 580 1624 lutura
608 1562 787 1623 certitudine
815 1570 1019 1642 pensatmnm.
1066 1564 1149 1626 Bene

129 1651 201 1711 vale.
247 1650 317 1732 Ego,
341 1650 419 1729 quod
443 1651 519 1712 forte
543 1653 675 1732 ignoraS,
699 1652 820 1711 domum
843 1652 972 1713 conduxi
995 1671 1095 1733 nuper
1119 1661 1151 1715 et

130 1742 205 1801 situs
229 1747 260 1800 et
278 1739 482 1801 aedificiorum
505 1743 726 1819 opportunitate
750 1739 842 1800 multo
866 1740 930 1822 hac,
954 1760 1043 1820 quam
1068 1761 1151 1804 nunc

128 1828 276 1910 inhabito,
308 1823 554 1908 optabilioremffl.
600 1829 649 1890 Sic
674 1832 754 1889 onim
777 1848 900 1891 necesse
924 1831 988 1912 brit,
1012 1838 1047 1892 ut
1071 1833 1152 1894 face·

129 1936 203 1999 rem,
227 1936 295 1978 cum
317 1917 419 1997 plures
442 1918 541 1978 lutura
560 1925 671 1978 aestate
695 1919 788 1980 futuri
806 1937 925 1979 mecum
944 1921 1005 1979 sint
1023 1923 1153 2000 ingenui

127 2009 229 2088 pueri,
260 2009 338 2068 sicut
361 2007 473 2085 aliquot
500 2009 558 2067 iam
587 2014 616 2068 et
639 2007 734 2068 literis
763 2007 799 2067 ad
822 2025 870 2068 me
893 2008 1095 2087 perscribitur
1120 2018 1153 2072 et

127 2099 242 2175 nuntiis
259 2096 463 2177 significatur,
491 2115 579 2176 quam
603 2099 654 2176 qui
677 2098 793 2177 possint
815 2104 939 2176 angusto
963 2096 1028 2158 looo
1052 2102 1152 2171 conti·

128 2188 203 2246 neri.
249 2185 383 2266 Reliqua,
410 2185 463 2247 ubi
490 2186 567 2247 forte
591 2189 830 2266 convenerimus,
859 2204 988 2264 agemus.
1035 2186 1152 2250 lterum

127 2274 204 2356 -vale,
228 2277 338 2355 optime
362 2273 603 2354 Baumgartnere.

174 2376 215 2465 (N
222 2375 476 2466 orimbergae),
508 2400 545 2443 ex
572 2399 693 2442 musaeo
717 2375 852 2441 nostro85
869 2381 944 2444 xffl.
971 2380 1034 2443 llal.
1061 2382 1151 2446 Fcbr.

129 2469 296 2531 MDXXVll.

694 2557 789 2618 Tuus
813 2557 978 2620 Eobanus
1001 2559 1103 2622 Hess.

126 2722 131 2816 ζ
219 2739 220 2742 ¹
251 2805 254 2816 ·
309 2764 363 2832 20.
385 2764 465 2832 llob.
488 2764 609 2832 Hessus
632 2763 670 2830 Η.
692 2732 967 2852 Baungartnoro.

126 2879 414 2962 (Norimbergae).
933 2895 958 2942 7.
978 2890 1045 2959 Apr.
1067 2897 1149 2949 1528.

196 2983 340 3044 Ornatiss.
364 2983 427 3040 viro
451 2980 571 3040 domino
595 2979 774 3057 Hieronymo
793 2977 1026 3057 baumgartnero
1050 2991 1147 3049 amico

130 3090 247 3133 summo
272 3088 334 3131 suo.

197 3161 226 3219 S.
248 3158 383 3219 Assiduis
408 3176 441 3218 ac
464 3175 557 3236 paene
581 3156 761 3235 quotidianis
785 3154 1074 3233 interpellationibus
1098 3185 1146 3226 me

129 3255 217 3326 urget
240 3265 274 3307 ac
297 3254 412 3306 tantum
436 3264 496 3306 non
520 3248 606 3325 cogit,
630 3253 663 3321 ut
686 3261 739 3304 suo
763 3244 882 3302 nomine
902 3244 937 3303 ad
959 3254 987 3307 te
1008 3252 1147 3334 scribam,

129 3336 164 3397 N.
188 3328 422 3417 Theophilrrs*),
451 3337 536 3395 cuius
559 3335 653 3412 gratia
675 3335 734 3392 iarn
757 3349 817 3391 non
841 3332 932 3390 semel
955 3341 984 3394 te
1008 3339 1081 3422 adii,
1106 3346 1147 3403 ita

128 3504 130 3510 ¹
202 3529 229 3599 *)
246 3521 375 3579 Nominis
394 3520 530 3577 memoria
548 3521 656 3588 incerta
675 3523 724 3575 est.

855 3612 940 3642 A
