2422 3944
160 187 204 252 46
588 188 609 244 Ι.
629 187 741 244 Gruteri

162 339 210 416 331
234 356 301 398 cum
321 337 517 419 Commelin03
540 338 593 398 sed
617 340 643 397 is
669 346 800 418 cuperet,
824 340 850 397 si
868 336 1003 417 haberes,
1024 337 1178 416 exemplar

161 427 349 505 impressum
364 421 547 488 Danielts²¹⁸.
594 427 702 486 Verum
730 429 794 506 ipse
819 427 919 487 forsan
943 426 979 485 de
1002 426 1114 486 haere
1138 427 1174 487 ad

159 522 198 575 te.
244 515 478 596 Etymologicum
501 535 561 577 non
584 516 666 575 videt
687 515 784 576 lucem
808 514 946 594 3313113,
973 533 1047 593 qnae
1071 515 1174 576 adver-

159 605 248 665 tenda
275 605 397 666 lustino.
444 605 485 666 De
515 607 607 666 sacris
635 604 771 666 versibus
799 612 915 683 gratum
939 604 1003 664 luit.
1048 603 1173 684 Reliqua

159 693 338 773 exemplaria
369 696 522 755 transmisi
554 697 635 755 iuxta
662 695 897 773 inscriptionem.
942 692 974 752 D.
1003 692 1174 772 Scipionem

158 783 238 843 nuda
261 785 333 844 item
356 801 532 844 remuneror
555 782 658 863 salute,
682 783 760 862 quod
783 782 830 842 331
853 782 909 842 hoo
931 789 1065 860 tempore
1087 785 1173 843 satis:

158 871 231 931 adeo
256 890 310 950 333
333 891 394 933 333
417 891 482 933 sum
505 890 604 953 meus,
627 871 748 932 orbatus
771 871 830 932 hen
852 878 920 931 ante
944 871 1008 931 dies
1032 870 1098 931 Xlll
1122 871 1173 932 de-

158 959 226 1019 licio
243 979 310 1021 meo
325 969 355 1021 et
369 963 581 1040 animaeparte
595 962 719 1041 puriori,
734 963 887 1021 carissima
901 962 1022 1038 inquam
1037 962 1172 1041 coniuge,

159 1067 233 1127 quae
257 1057 290 1110 31
313 1052 399 1110 33133
422 1050 496 1110 mihi
519 1058 583 1110 erat
606 1049 739 1130 111131313,
766 1063 875 1128 paucas
898 1056 966 1128 post
988 1048 1076 1110 horas
1102 1049 1172 1110 dein

156 1140 236 1216 piam
262 1137 356 1219 illam,
384 1146 509 1220 castam,
536 1139 727 1221 prudentem,
750 1141 935 1218 ingeniosam
959 1140 1085 1198 animam
1110 1138 1170 1198 lleo

157 1245 211 1287 suo
240 1228 378 1288 reddidit.
423 1228 489 1288 Heu
512 1247 627 1308 casum,
654 1227 714 1288 heu
737 1225 842 1289 fatum!
870 1235 902 1288 13
926 1228 1021 1286 amico
1045 1227 1169 1287 condole

157 1318 250 1377 amice
275 1325 305 1378 et
327 1319 359 1377 in
382 1325 498 1396 partem
521 1335 580 1378 una
602 1316 687 1378 trahe
711 1319 836 1397 amicos,
864 1333 938 1395 quos
961 1315 1052 1376 isthic
1074 1315 1169 1376 habeo

155 1405 233 1483 apud
257 1424 318 1466 vos.
364 1405 432 1466 Vale
456 1425 524 1467 cnm
547 1414 607 1487 tua,
630 1408 672 1466 mi
694 1405 884 1466 Rittershusi.

200 1510 274 1571 Dedi
299 1505 604 1596 (Heidelbergae),
628 1510 679 1573 23.
702 1511 801 1572 Martii
825 1508 921 1573 1594.

729 1618 810 1680 Tuus
833 1626 914 1679 totns
938 1617 1124 1679 Gruterus.

357 1877 407 1946 36.
439 1879 465 1948 Ι.
490 1878 650 1948 Gruterus
675 1880 705 1950 t.
728 1880 962 1948 Rittershusio.

151 1999 417 2071 Heidelbergae.
958 2009 983 2056 4.
1002 1999 1068 2055 Iulii
1088 2007 1168 2057 1594.

220 2115 248 2174 S.
271 2114 302 2175 P.
349 2115 410 2176 Nec
442 2135 496 2196 ego
524 2135 624 2178 meum
652 2135 708 2177 nec
734 2124 819 2177 tuum
847 2115 994 2176 refricabo
1021 2113 1166 2195 dolorem,

151 2205 193 2262 mi
212 2203 401 2286 Rittershusi,
425 2209 556 2285 satisque
580 2214 634 2287 est,
659 2207 684 2266 si
707 2206 809 2266 fractis
828 2198 1014 2266 auribus²1⁸⁸
1031 2212 1165 2283 praeter-

150 2295 321 2370 navigemus
339 2308 399 2354 non
418 2295 539 2374 quidem
555 2295 684 2375 Sirenas,
703 2295 756 2355 sed
769 2294 887 2355 Mortas.
924 2293 1046 2354 Interim
1063 2300 1164 2353 tamen

149 2380 186 2441 de
215 2382 369 2461 synpathia
396 2391 446 2444 tna
473 2383 575 2463 plures
602 2382 697 2444 habeo
723 2385 832 2463 gratias
857 2390 887 2443 et
910 2380 1072 2461 expectabo
1094 2400 1164 2442 mox

147 2468 292 2551 111331333,
321 2491 395 2550 quae
423 2492 471 2533 me
499 2472 665 2552 alloquatur
690 2491 860 2533 moerorum
884 2471 972 2532 undis
995 2470 1069 2531 adeo
1094 2470 1163 2531 sub-

147 2577 294 2639 mersum,
326 2567 360 2621 ut
392 2580 444 2621 ore
477 2569 579 2641 aperto
609 2563 727 2639 nigrum
754 2562 906 2622 haurirem
934 2560 1072 2640 lluctum,
1103 2562 1163 2620 nisi

148 2643 367 2732 13333313133*)
385 2649 537 2711 Musarum
556 2649 673 2710 labores
693 2649 783 2711 veluti
802 2649 910 2710 subere
930 2649 1059 2728 quodam
1073 2647 1163 2710 altius

146 2752 194 2794 me
227 2736 368 2797 ellerrent
400 2738 657 2818 sublevarentque.
706 2738 785 2818 Ergo
818 2738 897 2818 quod
933 2738 969 2798 ad
999 2736 1163 2809 Querolum

146 2826 259 2905 attinet,
282 2827 340 2885 iam
360 2829 387 2886 is
405 2845 533 2889 excusus
553 2836 599 2889 est
616 2827 738 2909 dudum,
760 2835 794 2888 ut
812 2835 843 2888 et
861 2827 936 2888 alter
954 2819 1085 2907 liher²¹⁹‚
1109 2827 1160 2905 qui

145 2911 306 2983 Querolum
334 2916 461 2976 eundem
490 2919 638 2996 expressit
660 2916 797 2978 versibus
821 2916 969 2995 elegiacis.
1015 2915 1057 2975 lle
1080 2917 1161 2975 notis

145 3004 205 3061 1313
229 3011 259 3063 31
277 3001 408 3065 Danielis
430 3004 506 3065 nihil
525 3008 585 3084 egit
604 3005 814 3086 Commelinus,
838 3008 907 3084 quia
926 3007 984 3065 etsi
1003 3003 1160 3082 aliquoties

144 3097 229 3150 tuum
251 3089 441 3172 Danielisque
470 3094 620 3156 addideris
643 3113 765 3176 nomen,
792 3103 892 3155 tamen
915 3093 1007 3154 multo
1032 3094 1161 3153 maxima

143 3197 213 3256 pars
241 3179 416 3259 capitalibus
444 3183 503 3244 illis
531 3193 613 3244 caret
640 3183 762 3265 litteris,
792 3183 980 3262 arbitrorque
1008 3200 1063 3260 ego
1092 3199 1159 3242 esse

143 3272 206 3347 tua,
231 3269 309 3347 quod
334 3272 361 3330 si
382 3273 448 3351 ipse
472 3272 598 3352 epistula
622 3281 673 3334 tua
695 3272 782 3333 nobis
805 3273 979 3352 firmaveris,
1002 3270 1080 3331 bene
1101 3271 1160 3331 3311

144 3354 277 3435 calcique
301 3362 399 3420 omnia
422 3360 471 3421 illa
495 3369 624 3441 apponet
646 3351 800 3423 cunctator
823 3361 872 3422 1113
896 3367 999 3421 333133
1021 3359 1117 3421 redux
1143 3377 1158 3418 e

146 3479 358 3489 --—.—.—--

213 3545 237 3616 *)
256 3544 324 3605 (lod.
343 3548 451 3618 1333333.
