2400 3966
500 188 636 261 epistolae
1035 193 1078 259 95

56 345 127 403 rutis
150 344 192 404 de
221 344 337 404 causis
362 341 559 420 Noribergam
582 360 741 402 excurrere
768 360 927 403 necessum
949 342 1081 424 haberet,

56 430 141 495 hiens
165 433 245 515 hoc,
272 430 425 511 quicquid
449 437 496 491 est
519 433 627 510 oneris,
650 431 709 491 sihi
731 450 748 491 a
771 450 818 492 me
842 433 954 510 imponi
975 451 1081 511 passus

55 531 97 604 ot,
124 524 329 604 praesertim
359 538 428 582 cum
456 526 486 581 et
513 522 545 580 in
572 539 674 580 mensa
701 539 735 580 ac
761 539 883 581 musaeo
910 540 964 600 pro
992 521 1079 581 modo

57 612 220 674 irenltatum
247 629 384 672 suarum
406 608 607 671 conducendis
631 629 720 688 opera
743 629 809 670 mea
833 618 862 670 et
883 610 1007 670 consilio
1026 627 1080 688 pro

56 712 106 762 oto
123 703 320 782 nuperrime
340 718 415 760 usus
435 700 549 760 luisset.
583 697 624 759 lle
644 718 728 759 sacro
746 698 972 778 Elbiugensium
991 717 1080 777 nego-

58 793 87 849 tio
105 791 186 852 mala
214 809 301 851 nova
326 795 465 850 recentes
487 787 540 848 Dn.
563 787 672 868 Hoppii
695 796 725 848 et
748 788 873 849 aliorum
892 788 1080 868 popularium

58 876 159 940 litterae
197 886 349 960 narrant,
386 897 438 939 eos
470 879 613 938 nimirum
649 880 818 957 principum
855 886 885 938 et
916 880 1080 950 vicinarum

58 970 203 1029 adlatum
229 969 367 1046 speratis
390 973 421 1027 et
442 968 598 1046 promissis
629 966 746 1027 auxiliis
770 966 928 1027 destitutos
952 962 1079 1051 atque*)

58 1056 184 1118 desertos
211 1058 399 1135 primarium
422 1058 483 1116 sire
507 1056 673 1134 parochiale
697 1058 729 1115 in
752 1058 816 1135 ipsa
838 1057 912 1117 urhe
936 1058 1080 1137 templum

58 1145 124 1206 dero
149 1147 296 1206 cessisse
321 1162 389 1205 cum
413 1152 493 1205 certa
515 1147 659 1224 pecuniae
687 1163 802 1205 summa
825 1149 983 1224 quotannis
1007 1149 1080 1224 ipsis

58 1233 248 1295 eonferenda.
308 1231 434 1293 Causam
464 1233 623 1294 deditionis
655 1234 744 1294 huius
777 1237 928 1313 assignant
960 1238 1080 1294 iteratas

58 1326 168 1404 saepius
194 1321 316 1401 Regiae
338 1321 500 1382 Maiestatis
523 1326 632 1404 minas,
655 1326 901 1384 commerciorum
924 1323 1080 1383 difficulta-

58 1420 108 1473 tem
130 1420 164 1474 et
188 1411 395 1472 Dantiseanae
417 1413 554 1492 inprimis
578 1412 703 1492 reipubl
728 1415 956 1472 inconstantiam
979 1411 1080 1472 loede-

58 1504 150 1582 risque
186 1500 375 1580 neglectum.
420 1501 551 1572 Quarum
561 1495 616 1585 **)
649 1508 801 1581 postrema
828 1502 902 1561 milri
938 1501 983 1561 rel
1012 1501 1079 1561 ideo

59 1592 188 1653 noudum
215 1589 400 1650 verosimilis
421 1593 484 1651 risa
503 1599 557 1673 est,
580 1591 659 1670 quod
679 1598 891 1652 conterraneus
910 1593 966 1651 iste
985 1610 1080 1672 meus,

60 1682 105 1759 qni
126 1683 181 1740 rix
208 1681 326 1739 mensis
348 1682 438 1741 unius
462 1683 556 1759 spatio
580 1683 676 1760 patria
695 1680 814 1740 Gedano
834 1680 927 1762 abest,
949 1681 1025 1741 nihil
1044 1682 1080 1742 de

60 1769 129 1831 lamo
151 1769 217 1831 hae
240 1767 320 1829 mala
346 1769 428 1829 domi
456 1769 621 1831 inauditum
649 1771 742 1830 luisse
769 1770 937 1850 perhibeat,
970 1772 1022 1830 scd
1050 1773 1081 1831 in

63 1861 193 1920 comitiis
226 1856 369 1918 Poloniae
400 1858 483 1920 litem
514 1861 602 1920 istam
638 1860 734 1919 adhue
769 1859 893 1920 haerere
931 1860 1080 1938 dubioque

61 1956 167 2010 uentu
204 1947 313 2026 agitari
343 1955 501 2009 asseveret.
547 1947 661 2008 Nollem
688 1949 764 2008 hanc
796 1949 941 2010 maculam
969 1952 1081 2028 patriae

60 2055 138 2100 neae
161 2054 241 2097 vere
266 2037 354 2117 inuri,
378 2037 457 2116 quod
481 2038 634 2098 ardentem
657 2039 809 2116 proximae
832 2038 917 2099 urbis
937 2041 1081 2117 parietem

61 2126 190 2189 flammis
213 2127 284 2186 istis
307 2128 447 2205 occupari
471 2133 500 2187 et
523 2129 609 2187 exuri
631 2129 811 2206 permiserit.
848 2128 888 2187 dc
912 2126 982 2186 licet
1006 2126 1080 2186 forte

61 2215 177 2297 hbeat,
203 2233 266 2294 quo
289 2214 399 2276 factum
422 2208 464 2298 (si
486 2218 528 2277 ita
547 2209 601 2299 sit)
621 2223 752 2297 excuset,
776 2218 844 2295 quia
862 2214 1000 2276 videlicet
1024 2217 1082 2293 ipsi

62 2322 182 2386 quoque
201 2303 400 2382 Elloingenses
418 2323 462 2366 ao.
478 2302 573 2368 1577.
597 2304 770 2366 llantiscum
789 2304 941 2365 obsessam
960 2312 990 2364 et
1003 2303 1081 2363 hello

61 2392 261 2474 aStephano
289 2391 349 2454 Pol.
381 2411 451 2473 rege
483 2403 596 2455 temere
628 2393 796 2455 lacessitam
828 2393 941 2473 perfide
973 2392 1081 2452 dereli-

61 2486 198 2563 querint,
229 2499 335 2543 vereor
367 2489 479 2565 tamen,
511 2490 545 2544 ut
575 2483 649 2544 ultio
681 2484 754 2544 haec
782 2483 881 2544 locum
909 2489 938 2542 et
965 2483 1081 2541 reniam

60 2572 136 2653 apud
161 2589 228 2652 eos,
251 2573 304 2650 qui
327 2574 391 2633 sine
415 2574 522 2634 affeetu
545 2572 678 2633 iudicant
701 2580 730 2633 et
753 2573 829 2633 mala
853 2571 938 2632 malis
957 2591 1016 2633 non
1035 2590 1081 2632 re-

60 2660 222 2742 pendenda
250 2678 315 2721 esse
345 2660 527 2743 didicerunt,
555 2665 693 2722 inveniat.
740 2662 799 2722 Sed
823 2661 859 2723 de
883 2663 930 2723 his
955 2664 1082 2723 certiora

59 2749 142 2813 brevi
168 2756 372 2831 expectamus
396 2770 470 2829 quae
493 2750 546 2812 uhi
569 2752 604 2811 ad
626 2770 681 2811 nos
700 2752 812 2811 luerint
831 2751 954 2833 perlata,
976 2752 1082 2812 faciam

61 2856 183 2920 quoque
206 2837 245 2899 de
268 2837 316 2899 his
339 2839 432 2919 dmpl.
450 2840 585 2901 Vestram
609 2842 710 2901 statim
734 2843 901 2901 certiorem.
938 2841 993 2900 Hic
1012 2840 1081 2898 linio

60 2936 90 2990 et
114 2928 244 2989 Vestrae
276 2926 498 2991 benevolentiae
530 2931 562 2989 in
589 2936 744 3009 posterum
777 2947 894 3008 quoque
928 2929 1007 2988 serio
1033 2944 1082 2986 me

62 3015 250 3079 commendo.
298 3016 429 3078 Salutem
452 3018 545 3098 Ampl.
569 3018 691 3079 Vestrae
713 3037 768 3097 per
791 3036 839 3078 me
863 3015 1082 3077 transscrihunt

61 3105 114 3169 nn.
138 3106 358 3167 commensales
382 3115 412 3167 et
435 3110 633 3188 conterranei,
656 3109 745 3168 amici
762 3107 867 3167 nostri.
899 3104 1009 3165 Excell.
1027 3102 1081 3164 Dn.

62 3193 355 3277 o.1iirehoerger0‚
383 3198 409 3256 si
432 3196 551 3257 dabitur
573 3214 762 3276 congressus,
792 3195 955 3255 officiosam
978 3195 1082 3253 nuntio

63 3285 200 3347 salutem.
247 3283 343 3344 Credo
371 3303 440 3346 eum
467 3287 554 3365 praxi
580 3285 734 3366 impediri,
762 3302 819 3363 quo
847 3285 947 3344 minus
975 3283 1083 3344 litteris

134 3490 150 3521 *
151 3487 249 3559 ).Ood
268 3495 336 3560 εἰς.

114 3494 162 3631 ”l
177 3560 246 3617 eod
268 3508 398 3632 quemn.
