2400 3966
91 159 111 224 8
340 145 344 153 ’
524 160 672 232 Epistolae

90 300 231 389 integros.
270 309 302 370 Si
325 310 417 370 frater
439 304 542 372 ιιιιιι85
563 311 683 372 tandem
707 329 744 372 ex
761 312 858 391 patria
876 313 961 373 misit
978 329 1031 373 res
1049 328 1117 373 me·
1138 310 1156 343 ’-

90 399 217 481 tallieas,
249 417 300 459 eas
327 398 413 458 dabis
440 399 510 460 huic
537 403 656 481 nunti03
690 402 716 460 si
743 418 804 461 non
832 401 927 482 misit,
960 418 1054 482 rogo„
1080 406 1119 463 ut

91 490 333 568 quamprimum
357 489 510 549 commode
533 492 656 570 poteris,
678 491 765 550 istius
788 492 835 551 rei
858 492 958 570 ipsum
977 506 1116 551 mmmc-

90 579 229 658 uesacias,
251 584 407 657 praeterea
429 585 463 651 ut
480 580 578 638 mittat
595 578 709 658 aliquot
727 578 841 657 lapides
860 579 968 640 violam
985 578 1117 660 olentes,

91 670 141 747 qui
161 669 192 728 in
206 665 389 744 Calenbergo
408 660 541 727 moute³⁶
558 685 651 747 prope
671 669 813 748 oppidum
834 671 891 729 sito
906 670 1115 748 reperiuntur.

91 755 238 834 Quicquid
253 757 369 834 argenti
383 757 565 836 exposueris,
583 755 714 817 reddam.
751 756 891 818 Horstius
905 757 963 819 tibi
977 757 1117 818 ostendit

91 837 287 925 spinellam³⁷,
318 842 462 925 uicolum,
494 839 714 906 helloculum⁸⁸.
760 846 841 918 Quae
869 848 1006 927 nomina,
1041 848 1116 927 quia

90 934 164 994 mihi
195 936 296 1012 ignota
329 940 412 1015 sunt,
445 951 518 1012 quas
550 951 681 1012 gemmas
709 941 760 995 aut
787 935 902 1016 lapides
929 935 1117 1018 significent,

91 1024 168 1083 scire
192 1040 252 1082 non
275 1040 405 1103 possum.
442 1023 483 1083 Te
508 1024 597 1082 etiam
620 1029 707 1101 atque
731 1025 821 1084 etiam
845 1042 928 1105 rogo,
951 1031 986 1086 ut
1009 1027 1115 1087 cuius·

12 1156 18 1168 .
91 1130 148 1191 que
168 1111 308 1192 colorem,
327 1112 461 1192 liguram,
479 1113 672 1189 quantitatem
691 1129 747 1191 per
765 1116 859 1173 otium
877 1113 953 1174 mihi
967 1113 1116 1193 explices.

22 1234 25 1240 ·
89 1201 151 1281 ligo
171 1201 206 1261 ad
224 1199 317 1262 multa
336 1207 365 1260 te
384 1208 462 1281 utor,
479 1198 535 1260 tibi
554 1208 657 1260 contra
676 1219 723 1261 me
742 1204 796 1282 uti,
815 1202 851 1262 ad
871 1220 948 1281 quae
968 1202 1116 1284 volueris,

90 1290 200 1352 licebit.
237 1288 306 1350 Vale
326 1296 357 1350 et
375 1289 469 1351 saluta
487 1291 563 1350 meis
581 1289 680 1350 verbis
699 1288 861 1369 plurimum
879 1289 912 1352 Ι).
931 1290 1117 1374 Bornorum,

92 1380 292 1461 Badhomum,
316 1372 557 1440 Camerarium³⁹.
601 1378 713 1439 lterum
735 1379 807 1440 vale.

82 1526 91 1542 .
136 1479 385 1570 (llempnicii),
407 1484 493 1545 XVll.
513 1483 571 1546 Cal.
592 1485 671 1564 Sept.
696 1503 773 1545 auno
791 1484 827 1546 M.
842 1483 874 1546 D.
889 1484 973 1546 XLV.

685 1590 862 1671 Georgius
886 1591 1069 1671 Agricola.

263 1790 266 1795 '
331 1778 363 1851 8.
395 1780 431 1851 G.
449 1780 608 1870 Agricola
625 1782 680 1850 W.
699 1782 860 1851 lleurero.

91 1885 293 1958 Kompnicii.
875 1892 917 1940 22.
939 1889 1008 1958 Apr.
1030 1893 1115 1946 1548.

158 1999 338 2060 ..Meurero
361 2000 483 2060 Rectori
505 1998 655 2078 Lipsieusi
669 2045 698 2058 ..
744 1999 796 2059 26.
820 2001 917 2076 April.
940 2001 1040 2063 1548.

158 2089 186 2150 S.
210 2087 242 2149 D.
266 2088 297 2150 P.
316 2089 481 2160 ·Quoniam
513 2106 568 2167 ego
601 2107 617 2148 a
648 2105 776 2147 munere·
803 2083 996 2172 consulariw,
1029 2092 1115 2171 quod

90 2183 176 2241 iussu
198 2180 345 2258 principis
368 2179 444 2240 duos
467 2195 560 2238 annos
585 2178 722 2253 sustinui,
745 2175 859 2236 solutus
882 2195 916 2236 ac
935 2176 1014 2240 liber
1034 2199 1116 2263 sum,

90 2277 120 2330 et
146 2276 180 2329 tu
208 2270 268 2339 iam
294 2261 501 2347 magistratu⁴¹
528 2264 574 2326 vel
602 2264 720 2325 abivisti
743 2264 788 2324 vel
811 2262 922 2346 abibis,
950 2269 1011 2328 erit
1033 2275 1115 2330 tem·

88 2361 171 2438 poris
203 2359 324 2436 utrique
357 2357 393 2419 ad
421 2358 583 2417 amicitiam
611 2351 769 2413 scribendo
797 2354 998 2416 renovandam
1027 2361 1113 2420 satis.

89 2447 147 2507 Sed
178 2453 213 2507 ut
239 2447 358 2507 initium
386 2443 557 2524 disputandi
585 2441 704 2519 faciam,
736 2447 765 2501 te
793 2439 878 2502 libris
905 2446 983 2504 meis
1011 2463 1115 2526 nuper

80 2536 178 2603 ,editis
207 2531 328 2592 donabit
355 2535 447 2593 irater
475 2548 568 2592 meus.
613 2527 647 2587 ln
675 2544 763 2608 quos,
791 2528 842 2589 ubi
866 2547 917 2592 eos
940 2532 1113 2613 perlegeris

89 2621 292 2700 -perleges
319 2628 432 2699 autem,
460 2637 527 2679 cum
555 2617 614 2675 erit
641 2615 734 2672 otium
757 2649 814 2697 --,
846 2617 931 2680 dahis
959 2622 1112 2684 iudicium

89 2709 222 2790 prudens
245 2714 334 2786 atque
358 2708 500 2767 limatum.
546 2700 623 2762 Vale.

134 2814 352 2893 llempnicii,
374 2811 409 2872 x.
429 2810 489 2871 Cal.
507 2808 577 2868 Maii
600 2819 677 2863 anno
696 2801 731 2861 M.
747 2803 779 2864 Ι).
794 2805 915 2871 XLVIII,

68 2922 70 2926 ’
683 2903 860 2984 Georgius
883 2915 1062 2993 Agricola,

326 3103 356 3172 9.
390 3103 425 3172 (i.
443 3094 616 3168 Fabricius
634 3089 689 3157 W.
708 3089 867 3164 Meurero.

88 3209 235 3267 Patavii.
847 3203 888 3250 27.
909 3203 980 3276 Aug⁸
1002 3218 1107 3286 (1540).

157 3320 237 3383 ..Μ.
261 3317 442 3395 Vuollgango
465 3311 584 3370 Memor
606 3300 760 3379 Lipsensis
784 3295 961 3375 Academiae*
984 3321 1107 3389 lienam)

90 3414 184 3476 amico
209 3425 270 3469 suo.
324 3405 355 3465 V.
379 3405 453 3463 Idus
482 3393 602 3458 Octobr.
620 3387 717 3447 1540.

158 3499 186 3560 S.
209 3495 308 3557 Pridie
337 3508 425 3571 quam
451 3494 521 3546 tuae
549 3476 622 3536 mihi
650 3480 719 3533 sunt
745 3473 891 3558 redditae,
918 3489 953 3546 ad
983 3503 1012 3555 te
1037 3503 1105 3580 ipse
