2400 3966
135 187 200 253 130
412 143 414 147 ’
531 187 565 242 Η
585 185 757 258 Thederingi

135 337 212 398 Hinc
235 337 311 418 Tibi
334 336 404 396 nil
390 334 484 417 l‚allor
508 335 544 396 de
567 338 773 414 parentatione
794 338 843 415 pie
863 336 1002 412 defuncto
1021 331 1189 438 parandal

135 428 273 505 cogitatio
306 432 388 505 nata,
420 427 469 486 cui
497 424 576 503 quod
604 427 779 485 mantissam
807 426 955 505 poeticam
982 424 1018 484 11
1048 426 1155 484 amicis
1184 423 1194 466 1

135 515 204 576 addi
231 513 364 594 postulas
392 521 423 575 et
449 531 531 574 meas
560 531 677 592 quoque
705 513 755 575 hic
782 523 882 592 partes
906 515 1049 595 requiris
1078 514 1155 574 lacis
1183 509 1194 569 1

136 604 181 664 Tu
200 604 321 684 quidem
334 605 410 665 tuo
401 621 477 683 rure,
494 601 583 662 modo
598 602 675 682 apud
689 621 738 664 me
752 603 897 664 voluntati
910 604 1154 682 promptissimae
1184 600 1194 660 1

136 692 260 753 facultas
289 692 394 753 similis
424 698 604 771 suppeteret.
654 692 691 753 Α1
718 711 797 754 nunc
824 711 898 753 vena
926 694 983 752 ista
1007 685 1049 774 (si
1077 709 1156 771 quae

135 800 267 861 unquam
290 775 360 866 fuit)
385 800 401 841 1
424 783 506 842 curis
529 780 658 860 publicis
678 781 765 860 plane
789 784 914 843 exaruit.
950 778 1155 841 Nihilominus
1188 800 1193 839 ε

135 873 247 931 tentari
271 877 387 931 veteres
411 869 525 950 Musas,
553 872 579 929 si
602 869 673 948 quid
697 870 773 931 iorte
798 889 834 931 ex
857 870 913 931 hac
935 870 1155 949 gratificatione
1190 890 1194 928 1

95 968 98 973 “
136 959 172 1020 11
191 959 233 1020 Τ1
256 958 363 1040 solatii,
387 959 423 1020 ad
446 957 544 1038 illum,
568 977 657 1038 quem
679 966 834 1039 tantopere
858 961 1008 1041 suspiras,
1029 959 1156 1018 honoris
1182 954 1194 1018 'r

136 1048 278 1109 accedere
301 1056 411 1128 posset.
459 1047 508 1108 Sic
531 1049 623 1127 igitur
645 1048 687 1108 Te
711 1049 795 1109 affari
818 1048 942 1128 placuit:
966 1122 969 1131 Ι

26 1204 28 1208 ·
137 1173 246 1234 Ilesine
269 1159 439 1234 Dalmerum
462 1171 574 1254 lugere,
597 1175 724 1234 immitia
747 1174 871 1255 frustra,

181 1261 221 1337 Mi
244 1261 439 1343 Rittershusi,
462 1260 566 1322 desine
590 1262 648 1322 lata
672 1263 766 1341 queri.

137 1352 181 1411 An
204 1353 317 1413 nescis:
339 1350 417 1411 hene
441 1352 493 1430 qui
516 1353 657 1432 moritur,
680 1350 756 1411 hene
780 1353 862 1435 vixit
877 1359 907 1413 et
928 1351 1018 1413 huius
1058 1350 1063 1355 ’

183 1440 265 1501 Vitae
289 1447 422 1501 extrema
444 1439 509 1501 dies
534 1439 611 1518 quod
637 1442 676 1500 sit
699 1442 781 1518 origo
805 1437 920 1502 novae?

57 1584 58 1587 ,
136 1529 188 1590 1111
212 1531 374 1590 iuventutis
399 1528 582 1589 Gedanensis
605 1528 674 1611 flos
698 1529 789 1590 decus
813 1537 901 1608 atque

180 1616 348 1697 Mundum,
371 1619 505 1698 ingenio,
529 1616 676 1699 moribus
700 1625 763 1678 arte
788 1617 888 1679 valens

136 1705 292 1767 Dalmerus
314 1708 392 1787 pius,
415 1705 492 1766 haud
517 1706 656 1767 credatur
679 1708 821 1787 amissus,
846 1707 882 1768 ad
905 1715 985 1768 astra
1057 1718 1058 1721 ’
1147 1737 1152 1744 -

182 1793 240 1854 Sed
264 1797 461 1876 praemissus
484 1794 541 1871 uhi
560 1797 631 1856 vivit
654 1802 779 1899 oratque
802 1795 872 1857 Deo
951 1855 958 1870 ,

135 1883 170 1944 11
192 1885 283 1943 terris
306 1882 443 1944 laboret
466 1883 564 1965 dolor;
587 1887 686 1944 omnia
710 1887 837 1967 somnia3
861 1885 972 1946 mundo
1092 1923 1093 1927 =

182 1971 262 2042 Quae
285 1971 364 2033 hona
387 1979 465 2054 sunt,
488 1971 565 2032 mala
585 1980 662 2054 sunt,
686 1992 761 2052 quae
781 1933 857 2036 mala
876 1980 955 2056 sunt,
976 1972 1056 2035 bona
1076 1983 1158 2037 sunt.

136 2059 273 2121 Dalmero
297 2079 376 2122 nunc
400 2067 482 2122 certa
506 2063 591 2140 quies
614 2070 645 2123 et
667 2069 748 2123 certa
771 2061 895 2146 hrabea3

182 2149 239 2209 Pro
263 2150 381 2211 modico
405 2157 561 2211 aeternum
583 2150 689 2211 funere
711 2152 798 2212 lenus
822 2152 921 2214 hahet.

138 2237 259 2300 Scilicet
282 2258 375 2318 aequa
399 2246 499 2300 manet
522 2241 567 2300 sic
589 2243 784 2323 permutati03
806 2260 876 2302 nam
899 2242 948 2302 cui

183 2327 300 2389 Coelica
322 2330 382 2389 vita
404 2327 514 2409 placet,
537 2328 648 2390 coelica
671 2329 748 2389 dona
772 2331 859 2409 capit.

136 2447 235 2512 Habes
263 2453 325 2534 hic,
358 2453 456 2533 qualia
482 2453 538 2514 hac
565 2455 629 2515 vice
658 2472 674 2514 a
701 2473 750 2514 me
778 2456 940 2535 impetrare
967 2458 1066 2538 potui,
1095 2474 1159 2516 non

138 2540 236 2618 qualia
264 2542 340 2603 lorte
363 2541 431 2602 'libi
458 2561 491 2603 es
514 2541 672 2620 pollicitus.
705 2543 803 2614 ¹Quod
828 2551 934 2626 restat,
961 2547 1039 2606 vitae
1064 2547 1180 2606 ratio--

137 2647 208 2689 nem
231 2629 329 2712 talem,
353 2631 471 2710 qualem
494 2631 640 2692 describis
659 2631 786 2712 Tibique
810 2640 942 2716 exoptas,
964 2633 1015 2695 det
1033 2633 1092 2695 tibi
1111 2636 1157 2694 in·

137 2719 240 2779 venire
262 2725 365 2780 noster
388 2726 492 2782 auctor
514 2726 673 2801 rectorque
691 2720 771 2782 lleus
792 2729 822 2783 ct
844 2741 893 2784 me
912 2741 1031 2803 quoquc
1050 2723 1158 2784 eadem

136 2806 257 2868 tandem
283 2806 366 2869 11111
411 2809 494 2871 idem
520 2827 576 2869 nos
604 2812 636 2870 in
663 2810 719 2872 hac
746 2813 936 2873 miseriarum
960 2811 1035 2873 valle
1058 2811 1158 2872 adhuc

137 2899 364 2976 peregrinantes
383 2897 514 2961 clemens
533 2898 686 2980 adspiciat,
705 2899 760 2960 sub
779 2897 885 2963 umbra
903 2900 1017 2963 alarum
1032 2918 1157 2962 suarum

138 2992 275 3064 protegat
293 2993 323 3048 et
341 2990 495 3049 concussis
514 2990 625 3066 passim
644 2988 782 3050 ecclesiis
800 3008 835 3052 ac
853 2989 973 3069 rehusp.
992 2992 1157 3071 pristinum

67 3087 69 3091 ·
136 3071 360 3154 halcyoniorum
387 3095 477 3138 usum
499 3075 655 3160 largiatur,
684 3078 720 3138 ad
744 3077 883 3139 Numinis
906 3081 954 3140 sul
977 3077 1104 3158 gloriam
1127 3086 1157 3140 et

137 3160 302 3234 electorum
326 3163 464 3226 salutem!
497 3165 529 3227 Β
548 3165 579 3227 V
653 3235 657 3242 p

182 3285 252 3347 Dab
276 3285 488 3373 Bythomii'
480 3309 512 3350 m
536 3289 605 3370 Sup
630 3290 691 3372 Sil.
714 3291 741 3352 d
762 3288 813 3354 25.
832 3292 961 3353 Ianuarii
981 3231 1078 3354 1629.
1149 3318 1152 3326 ·

234 3411 317 3473 'luus
341 3413 377 3474 11
402 3434 438 3474 an
440 3417 524 3493 tiquo
548 3416 630 3476 idem
650 3415 874 3478 Hermannus
896 3416 1112 3496 Tehdering.
