2400 3966
528 128 666 202 epistolae
1043 135 1107 200 113

228 308 284 379 tt.
317 310 358 378 H.
381 310 610 400 dhederingus
633 314 703 383 Nic.
724 314 959 384 Rittershusio.

83 432 252 491 Dentisc'a
861 445 904 494 25.
923 438 1008 493 Mart.
1030 444 1107 494 1⁶24.

142 547 324 611 ..Nicolao
352 547 553 610 Rittershusio
576 550 597 611 l
619 550 653 611 U.
678 549 723 631 C.,
755 549 933 630 Polyhistori
963 570 996 611 ac
1024 550 1107 631 Poly-

84 636 170 717 glottc
195 640 317 699 eximio
333 685 339 698 .
355 636 570 718 ,lldnigsberg

142 726 416 789 Praestantissimo
446 735 485 801 ,et
521 727 693 789 doctissime
730 726 784 787 bn.
821 727 884 788 Nic.
918 727 1108 811 Rittershusi,

84 814 207 877 bomine
235 822 270 877 et
293 816 395 876 Amice
419 817 651 878 amate-amande
676 835 710 878 ac
733 816 865 878 colende.

144 905 177 967 S.
198 904 233 965 P.
271 904 305 965 Si
328 923 416 966 omne
439 908 551 967 trinum'
574 907 741 985 perlectum
763 912 818 986 est,
841 913 874 966 ut
896 909 1001 967 tritum
1019 907 1109 969 habet

84 994 273 1075 diverbium,
304 993 438 1073 perlecto
471 1013 525 1074 ego
558 994 725 1056 litterarum
753 1002 871 1055 tuarum
899 1014 1024 1057 numero
1052 997 1107 1058 hac

83 1102 137 1145 ma
154 1086 228 1144 rice
248 1100 332 1144 nuno
350 1083 532 1163 respondere
552 1084 643 1144 dicar.
680 1083 783 1163 Neque
802 1084 999 1163 negligentiae
1017 1085 1108 1147 ullius

84 1180 131 1234 mt
151 1174 339 1233 imminutae
362 1171 522 1234 voluntatis
545 1179 646 1234 notam
665 1180 823 1252 propterea
842 1181 952 1254 metue,
976 1192 1043 1234 curn
1062 1174 1108 1236 Tu

84 1264 143 1342 ipse
166 1262 254 1322 hanc
277 1259 374 1339 legem
397 1261 471 1322 mihi
493 1265 640 1343 posueriS,
662 1269 697 1321 ut
719 1268 787 1340 post
805 1261 891 1322 binas
910 1261 999 1322 simul
1017 1263 1106 1323 tradi·

82 1358 125 1412 tas
148 1350 256 1412 adhuc
278 1349 353 1411 alias
377 1350 453 1411 aTe
476 1358 674 1432 expectarem,
698 1350 807 1430 quibus
830 1352 941 1430 prioris
964 1350 1106 1428 epistolae

83 1458 165 1502 meae
197 1438 329 1518 singulis
355 1440 502 1519 capitibus
526 1443 694 1501 accuratius
718 1440 915 1500 satisfaceres.
960 1438 1057 1509 Quare
1082 1443 1108 1500 si

83 1528 170 1610 culpa
199 1535 252 1589 est
276 1534 339 1588 tam
367 1528 419 1589 diu
446 1532 589 1610 tacuisse,
617 1532 649 1589 in
672 1528 713 1589 Te
740 1527 791 1587 illa
814 1530 921 1588 merito
945 1530 1107 1616 reiicietuq,

83 1621 131 1679 cui
164 1620 202 1678 in
236 1619 384 1696 imperata
414 1636 497 1678 mora
530 1636 645 1678 morem
677 1635 781 1696 gerere
813 1620 861 1677 ius
893 1616 997 1696 fasque
1027 1618 1107 1679 duxi.

82 1706 207 1769 Clariss.
226 1705 266 1767 Μ.
285 1702 472 1767 llnntium⁶⁰⁸
494 1710 605 1768 virtute
628 1725 663 1767 ac
686 1706 867 1766 humanitate
892 1725 945 1767 sua
969 1707 1107 1768 omnibus

83 1803 205 1876 gratim
233 1801 266 1856 et
293 1795 531 1858 commendatum
559 1798 633 1877 iuvi,
662 1802 805 1875 quantum
834 1799 931 1877 potui3
959 1796 996 1857 ad
1023 1800 1107 1877 pina-

83 1886 243 1947 cothecam
282 1902 353 1945 vero
392 1887 453 1946 sive
490 1888 736 1946 exoticotameton
773 1883 922 1963 Magnifici
959 1886 1107 1965 quondam

82 1972 224 2037 Pmecos.
257 1975 354 2034 nostri
381 1967 644 2035 Schachmannif'09
675 1973 773 2034 aditus
801 1981 865 2035 tum
893 1992 953 2035 non
979 1975 1107 2056 patebat,

83 2063 166 2143 quod
195 2070 230 2124 et
256 2063 321 2122 sine
349 2062 453 2123 ordine
481 2083 516 2125 ac
543 2066 727 2142 incomptum
752 2062 826 2123 illud
851 2065 961 2124 iaceret
984 2071 1027 2144 et,
1056 2067 1107 2142 qui

83 2154 151 2215 eius
175 2169 282 2213 curam
305 2159 421 2234 gerunt,
444 2151 519 2213 urbe
543 2151 695 2233 abessent3
719 2152 796 2231 apud
817 2150 870 2211 Du.
894 2150 1013 2211 viduam
1036 2170 1106 2211 vero

82 2249 113 2303 et
150 2240 251 2302 filium
284 2239 357 2320 quid
389 2258 443 2320 ego
475 2260 608 2324 possem,
646 2244 698 2320 qui
730 2241 885 2301 hominum
916 2241 1021 2299 notitia
1052 2258 1108 2318 per

83 2328 284 2393 decennalem
314 2328 478 2391 absentiam
505 2350 602 2391 meam
630 2330 692 2390 lere
721 2329 832 2408 excidi,
865 2335 898 2388 ut
924 2345 999 2387 nova
1028 2329 1105 2407 apud

83 2437 193 2481 omnes
221 2420 421 2480 insinuatione
449 2438 524 2500 opus
552 2438 619 2481 esse
646 2418 788 2479 rideatur.
838 2415 876 2476 Et
904 2417 974 2496 quid
1002 2417 1106 2477 viduas

84 2527 142 2589 ego
163 2525 295 2589 nossem,
317 2510 371 2587 qui
388 2511 519 2588 virgines
539 2511 648 2570 sectari
667 2509 798 2567 animum
817 2505 931 2586 induxi,
954 2503 1106 2566 Gallonrm

84 2597 230 2678 consilio,
261 2599 313 2676 qui
346 2596 471 2659 suadent
504 2597 703 2678 quaerendam
732 2589 924 2678 (praesertim
950 2589 1104 2679 litteratis)

84 2704 148 2749 une
166 2688 284 2747 maison
301 2686 390 2747 laicte
410 2694 440 2747 et
458 2706 517 2748 une
536 2688 644 2747 lemme
664 2688 680 2746 a
698 2685 780 2746 faire.
817 2684 1007 2766 Propositum
1021 2694 1106 2748 tuum

85 2775 153 2837 loca
176 2776 303 2855 exotica,
325 2776 463 2855 inprimis
486 2776 609 2856 ltaliam,
633 2793 700 2836 cum
718 2774 813 2835 nobili
831 2775 960 2855 quodam
979 2772 1107 2836 adeundi

85 2864 176 2926 laude
200 2865 408 2943 dignissimum
431 2865 545 2947 iudico3
568 2871 702 2925 meretur
725 2867 805 2925 enim
831 2866 862 2925 id
885 2867 979 2925 virtus
1002 2869 1053 2923 tua
1075 2871 1107 2923 et

85 2954 240 3035 doctrina,
267 2971 304 3014 ne
334 2951 384 3014 illa
406 2953 542 3034 Europae
570 2972 639 3034 pars
669 2953 730 3014 sola
753 2954 794 3014 Te
819 2961 935 3032 gratum
957 2952 1105 3029 hospitem

86 3060 150 3104 non
174 3046 353 3124 experiatur,
377 3062 452 3122 quae
475 3061 547 3123 prae
571 3044 637 3103 aliis
655 3042 813 3103 Paradisus
831 3041 935 3102 Mundi
957 3040 1017 3099 dici
1036 3058 1105 3100 con-

88 3134 188 3193 suerit
209 3139 240 3192 et
261 3149 366 3192 revera
389 3140 448 3213 est,
477 3135 503 3192 si
527 3132 631 3193 dextre
654 3131 843 3192 inhabitetur.
890 3130 948 3190 Sed
971 3146 1040 3188 cum
1062 3127 1107 3190 ibi

90 3228 228 3301 sumptus
250 3222 379 3282 maiores
403 3225 492 3282 etiam
516 3240 604 3301 quam
623 3223 656 3280 in
674 3218 777 3280 Galhis
796 3220 997 3299 requirantur,
1020 3225 1105 3279 caute

89 3309 140 3370 hic
162 3310 423 3390 peregrinantibus
447 3311 594 3389 agendum
618 3310 713 3388 deque
738 3327 773 3369 eo
797 3307 912 3369 Nobilis
930 3308 988 3368 Tui
1010 3314 1106 3368 mater

89 3405 122 3459 et
137 3399 246 3460 iratres
263 3398 452 3481 admonendi,
471 3418 508 3461 ne
528 3400 653 3461 eandem
671 3397 708 3458 ab
728 3397 787 3458 illis
805 3398 964 3478 aliquando
981 3399 1106 3476 gratiam

92 3495 235 3569 reportes,
255 3506 342 3567 quam
361 3508 377 3549 a
396 3489 609 3550 Schenckianis
628 3487 695 3549 'libi
714 3488 836 3549 relatam
855 3506 968 3549 narras.
1004 3485 1107 3545 Mirari

141 3598 216 3647 Epist.
230 3608 291 3638 seeo.
306 3598 364 3640 XVI
378 3603 401 3640 et
413 3599 489 3641 xm
929 3593 945 3641 8
