2400 3966
510 174 648 244 epistolae
1042 173 1084 237 ‘21

67 331 193 389 noriente
230 328 269 386 in
306 327 382 386 suis.
428 323 605 402 Epitaphius
636 343 742 384 versus
773 324 871 385 eidem
901 323 962 383 lilio
989 323 1085 385 debeo

67 418 175 497 pidem,
200 415 263 476 sed
289 416 365 494 quei
387 412 539 473 exsolvam
559 430 684 491 pressus
706 415 878 474 immaniter
900 432 917 473 a
938 420 981 472 tot
1000 420 1085 492 typo-

66 503 190 587 paphis?
242 503 331 575 Quin
358 521 398 563 ue
427 501 483 562 uti
505 501 626 580 quidem
648 502 744 563 audeo
767 502 904 581 polliceri
925 504 1084 562 minimum

65 597 117 674 prid
151 595 192 656 ad
229 585 441 672 Feudaliam,
477 592 536 651 nisi
571 608 686 651 moram
722 591 876 671 indulgeas
908 590 1082 669 longiorem

64 685 272 747 lnacreontica
297 673 398 741 tua⁸³⁹
420 679 504 740 aride
527 688 651 758 expecto
674 687 705 741 et
722 680 868 740 Perlieam
890 680 1004 740 eisdem
1022 682 1083 742 iam

63 793 123 836 nune
150 770 297 853 imploro
325 772 393 830 viee
414 767 537 829 lunonis
559 768 698 829 Lucinae.
744 769 915 830 Discessum
937 768 1084 849 l'irdungi

63 856 185 925 roui⁸⁴⁰
210 861 354 941 graviter
375 858 449 919 iero.
485 857 547 918 lam
568 861 650 918 enim
672 861 701 918 ei
724 858 942 919 destinaveram
963 867 1084 938 portum

62 953 206 1014 lltoriium
233 956 268 1010 et
292 946 475 1027 merebatur,
498 949 524 1007 si
547 949 705 1026 quisquam
728 947 812 1008 alins.
852 947 942 1009 Plane
965 958 1082 1027 tragoe-

61 1037 154 1103 liae⁸¹¹
185 1042 262 1101 eius
293 1054 380 1097 rarae
407 1042 439 1095 et
466 1054 539 1114 quas
566 1037 729 1096 anteferam
752 1036 833 1095 mille
856 1037 945 1098 huius
969 1039 1082 1099 saeculi

60 1133 171 1210 poeticis
196 1127 422 1204 non-poeticis
445 1127 573 1204 scriptis
616 1125 817 1204 Clapmarium
840 1125 925 1186 illum
947 1134 1081 1187 restrum

60 1223 122 1301 rori,
144 1221 175 1280 si
200 1220 277 1297 ipse
301 1221 357 1294 est,
380 1231 470 1292 quem
490 1213 648 1293 aliquando
667 1215 734 1275 heic
752 1214 813 1274 ridi
831 1216 911 1275 inter
928 1215 1081 1276 auditores

60 1301 176 1370 netism
214 1312 311 1384 atque
339 1302 434 1381 elegia
461 1320 520 1363 non
548 1321 608 1363 una
635 1321 690 1363 nos
718 1303 912 1364 cohonestare
941 1304 1080 1382 dignatus

60 1407 100 1458 cst
144 1397 182 1458 Si
209 1397 275 1474 sic,
302 1396 373 1452 cum
400 1390 515 1470 prolixe
543 1391 652 1471 saluto,
678 1394 705 1453 si
727 1392 815 1452 modo
839 1411 894 1471 ego
918 1392 961 1452 illi
983 1392 1081 1454 adhuc

59 1490 127 1568 tanti,
150 1500 264 1563 neque
289 1479 378 1541 altius
402 1482 479 1559 sapit
502 1499 590 1560 quam
612 1488 647 1542 ut
669 1481 824 1560 despicere
847 1480 919 1542 velit
941 1488 1002 1541 tam
1024 1481 1080 1543 hu-

59 1577 146 1637 nilem
172 1575 319 1651 fungum
355 1568 428 1629 Duo.
449 1567 559 1630 Gentili
581 1570 714 1630 officiosa
736 1569 886 1650 adscripta
909 1573 968 1631 erit
992 1591 1008 1632 a
1032 1590 1079 1632 me

59 1666 136 1747 salus,
160 1665 192 1724 si
218 1659 350 1721 redierit
370 1676 387 1718 a
406 1659 587 1736 proiectione
606 1658 756 1738 Pragensi.
793 1658 912 1720 Utinam
932 1679 1001 1721 eum
1019 1680 1079 1722 uua

58 1762 148 1816 tecum
176 1752 255 1812 heic
282 1755 456 1808 teneremus
484 1746 550 1808 loco
577 1747 733 1826 condigno.
779 1747 854 1808 Nam
881 1747 1081 1812 Gothofredus

60 1851 153 1904 noster
181 1839 270 1901 redit
291 1837 522 1915 Argentoratum
550 1844 581 1897 et
602 1831 839 1916 Heymannus³⁴³
861 1841 921 1917 agit
944 1842 1082 1900 animam.

59 1931 200 1994 lliserum
223 1943 329 1988 meum
352 1925 455 2005 ratum,
477 1925 557 2004 quod
579 1925 679 1986 nullus
702 1945 833 2006 unquam
857 1928 1005 2010 succedat,
1028 1932 1081 2009 qui

60 2020 166 2101 aliqtnd
203 2018 302 2097 spiret
335 2020 387 2074 aut
412 2016 523 2092 poetici
550 2022 601 2075 aut
628 2017 727 2076 critici
754 2023 805 2076 aut
828 2050 884 2097 —,
917 2017 970 2077 sed
997 2025 1081 2079 taceo

61 2128 167 2190 rosque
203 2104 441 2167 iucundissimas
471 2103 757 2183 candidissimasque
785 2108 897 2165 animas
925 2105 964 2184 pl.
992 2106 1081 2166 iubeo

62 2199 163 2260 valere.

98 2300 387 2379 Heidelbergae‚
410 2301 519 2378 raptim
541 2306 574 2359 ut
598 2299 688 2381 soleo,
712 2297 763 2360 22.
787 2300 858 2378 Aug.
884 2295 978 2361 1601.

491 2405 597 2466 Vester
618 2412 699 2467 totus
721 2406 826 2467 lanus
850 2404 1034 2467 Gruterus.

270 2665 320 2734 55.
353 2667 379 2734 l.
403 2666 561 2736 Gruterus
585 2669 615 2735 0.
640 2668 874 2738 Ritterslrusio.

64 2788 275 2851 Franciurli.
840 2798 883 2847 20.
903 2793 980 2862 Sept.
1001 2798 1079 2848 1601.

122 2908 202 2970 Cum
222 2906 284 2965 iam
302 2920 383 2963 meas
401 2902 480 2963 tradi
498 2922 649 2964 curassem
668 2903 740 2965 [luo.
760 2899 950 2985 Taurelloffl,
968 2904 1077 2965 nobilis

64 2996 107 3058 ille
126 2995 259 3059 Silesius
277 2999 344 3052 tuas
362 2990 485 3053 tradidit
503 2999 534 3052 et
551 2992 705 3074 Virduugi,
723 3001 865 3072 utrasque
884 2995 1076 3071 gratissimas.

61 3084 154 3156 Quare
183 3083 259 3144 licet
280 3098 342 3141 uon
364 3081 522 3142 admodum
546 3085 735 3161 requirerent
757 3083 995 3162 responsionem,
1023 3081 1078 3142 hac

64 3177 159 3255 ntique
183 3170 334 3250 temporis
357 3172 506 3250 augustia,
534 3190 593 3250 qua
614 3190 748 3251 premor,
776 3178 874 3231 tamen
902 3188 962 3230 non
985 3173 1078 3253 potui,

64 3266 143 3345 quin,
170 3264 220 3324 uti
248 3261 339 3320 etiam
362 3259 515 3320 commode
539 3263 615 3320 irem
639 3261 675 3320 ad
698 3260 894 3340 Virdungum‚
922 3259 977 3320 tibi
1005 3279 1077 3340 pau·

65 3352 123 3415 cula
135 3353 213 3414 haec
227 3365 406 3428 reponerem
421 3367 610 3429 summasque
625 3368 744 3428 agerem
758 3352 867 3429 gratias
883 3349 920 3410 ob
931 3349 1079 3432 allectum,

66 3459 145 3519 quem
168 3439 301 3503 servatis
324 3455 394 3516 erga
416 3455 472 3497 me.
516 3437 735 3518 Epigrammata
757 3446 855 3499 restra
877 3441 1006 3519 tempori
1029 3457 1078 3500 ve-

66 3532 146 3594 nient.
180 3525 308 3591 Nullum
327 3528 407 3586 enim
426 3527 532 3587 excudi
552 3527 639 3608 volui,
658 3534 691 3587 ut
709 3546 764 3588 uec
783 3530 973 3606 praemittere
992 3544 1078 3606 prae-
