2422 3944
542 187 680 257 epistolae
1075 191 1116 256 79

102 355 169 398 meo
193 339 225 398 in
249 336 374 398 Caesare
398 331 660 416 langermanni³⁸³.
707 337 750 397 Ad
777 356 811 397 ea
834 340 930 417 capita
954 357 1118 421 accommo-

101 427 169 487 davi
195 433 281 487 notas
304 429 569 506 annotationesque
592 426 740 507 Rhenani,
763 424 892 508 Gelenii,
914 427 1037 508 Sigonii,
1060 427 1117 488 Go-

102 515 241 596 delevaei,
264 515 356 576 Modii
379 515 572 597 aliorumque,
596 515 725 577 exclusis
748 522 848 576 tamen
870 518 980 596 ineptis
1003 516 1063 577 illis
1087 525 1117 578 et

100 604 268 684 puerilibus
291 607 378 683 nugis
401 603 587 678 Velcurionis
610 625 644 665 ac
668 599 843 686 Saxonii³⁸²,
867 624 994 684 quorum
1017 612 1117 666 tamen

101 693 167 754 loco
191 692 408 754 substituit
355 701 408 754 not
410 713 441 754 as
464 693 560 754 Fulvii
582 693 684 754 Ursini
707 701 737 754 et
758 693 890 754 Marcelli
910 694 1023 755 Donati.
1061 694 1115 755 De·

101 800 253 843 creveram
277 782 406 843 adiicere
429 783 554 861 paucula
574 801 651 847 mea.
688 783 797 843 Verum
821 801 888 844 cum
912 784 1001 845 fidem
1019 803 1116 845 meam

101 871 293 950 obligaverim
329 865 506 952 Marui0385,
541 871 691 951 pollicitus
731 874 761 931 ei
798 874 946 933 variantes
985 873 1116 952 plurium

81 960 169 1021 ‘Mss
193 959 337 1021 lectiones
361 960 396 1021 ad
421 955 631 1042 Cacsarem³⁸⁶,
659 963 778 1040 sintque
803 961 913 1041 alioqui
936 961 991 1022 sub
1014 962 1115 1041 praelo

99 1043 275 1110 ιιιιιιιιιε887
298 1057 328 1110 et
346 1044 572 1131 Panegyrici⁸⁸⁸,
595 1049 633 1110 ad
656 1068 730 1129 qqos
750 1054 912 1129 typogracpi
930 1058 982 1111 not
984 1070 1015 1128 as
1034 1070 1115 1128 meas

100 1140 234 1199 convicio
259 1157 313 1199 suo
338 1137 538 1228 expostulant,
565 1141 613 1199 vix
636 1138 740 1199 videor
763 1137 914 1200 absolvere
937 1159 1025 1219 posse
1049 1159 1114 1200 mea

99 1231 131 1288 in
135 1219 271 1287 Livium
298 1229 358 1288 nisi
385 1227 526 1288 nundinis
554 1230 662 1288 vernis
709 1227 805 1298 Quare
834 1229 953 1307 quodt
954 1248 999 1289 am
1029 1228 1113 1289 obvie

99 1324 130 1377 et
159 1318 252 1377 amice
281 1335 401 1395 operam
429 1324 510 1377 tuam
534 1319 670 1395 suggeris
694 1316 867 1376 conferendi
890 1316 1031 1378 decadem
1054 1325 1113 1377 ter-

99 1408 185 1485 tiam,
213 1405 357 1484 plurimas
384 1405 440 1465 tibi
466 1405 586 1484 quidem
610 1412 639 1465 et
662 1423 716 1484 ago
740 1412 769 1465 ct
793 1404 886 1466 debeo
910 1408 1033 1487 gratias,
1061 1406 1113 1466 sed

99 1514 137 1555 an
165 1497 240 1555 tanti
267 1497 328 1555 sint
351 1495 467 1555 futurae
491 1512 574 1555 meae
597 1501 699 1575 notae,
721 1500 756 1554 ut
777 1502 892 1554 tantum
915 1495 1025 1556 laboris
1049 1497 1112 1574 ipse

99 1585 267 1664 exhaurias,
288 1583 367 1644 baud
391 1583 530 1662 equidem
553 1591 633 1662 puto.
671 1582 751 1643 Adeo
774 1586 862 1644 utin
885 1583 939 1644 bac
960 1591 1011 1645 tua
1029 1583 1113 1654 boui·

98 1679 158 1733 tate
192 1671 248 1732 tibi
279 1671 368 1754 nibil,
400 1691 460 1733 uon
493 1673 559 1732 dico
592 1672 811 1753 praescribere,
844 1674 895 1733 sed
928 1693 965 1733 ne
993 1674 1113 1753 quidem

98 1761 281 1841 respondere
304 1763 417 1841 possim
440 1763 499 1821 nisi
521 1762 591 1822 boc:
616 1764 779 1822 sitantum
802 1761 858 1822 tibi
881 1761 917 1822 ab
939 1768 989 1823 tua
1007 1781 1040 1823 re
1060 1765 1113 1823 otii

98 1857 157 1932 est,
180 1858 214 1911 ut
236 1850 330 1931 istud,
355 1850 433 1929 quod
455 1849 621 1932 polliceris,
643 1858 795 1930 praestare
819 1851 901 1933 velie,
923 1870 1060 1931 magnam
1083 1859 1112 1912 te

98 1941 245 2000 initurum
277 1942 402 2018 gratiam
435 1939 512 2018 apud
544 1958 609 2000 rem
638 1939 718 2019 publ.
746 1940 920 2022 literariam,
953 1939 1113 2001 Gruterum

98 2047 169 2089 vero
192 2035 346 2108 praeterea
369 2027 425 2088 tibi
448 2035 533 2088 antea
557 2029 811 2089 devinctissimum
835 2048 926 2108 supra
948 2029 1112 2090 devotionis

98 2117 255 2178 formulam
292 2116 484 2196 obligaturus.
531 2116 623 2178 Cuius
659 2116 872 2178 beneficentiae
909 2117 987 2178 baud
1023 2135 1112 2195 parce

98 2224 216 2267 memor
239 2208 297 2266 erit
319 2209 351 2266 in
373 2206 556 2285 praefatione
580 2205 705 2285 aliisque
730 2209 793 2266 suis
816 2204 898 2267 locis.
938 2206 1047 2266 Verum
1071 2212 1113 2286 tu,

58 2343 61 2347 ,
98 2298 141 2356 mi
159 2294 241 2376 bue,
265 2295 387 2376 dispice,
411 2314 448 2355 an
471 2302 532 2355 tota
555 2314 604 2356 res
620 2297 701 2356 tanti
725 2297 772 2355 sit.
808 2295 883 2356 Nam
907 2295 985 2374 quod
1009 2295 1045 2354 ad
1063 2313 1111 2354 me

98 2386 217 2464 attinet,
250 2402 304 2462 ego
336 2402 434 2445 meras
467 2383 542 2444 dabo
572 2383 703 2465 notulas,
734 2383 812 2444 haud
840 2384 955 2444 sarturas
983 2382 1112 2444 trioboli.

97 2471 213 2552 Ecquid
237 2476 318 2533 enim
339 2473 418 2533 aliud
437 2472 578 2552 pollicear
597 2476 628 2533 in
646 2480 690 2533 tot
708 2475 846 2553 negotiis,
869 2472 977 2551 quibus
996 2471 1111 2532 involvo

96 2581 145 2622 me
178 2569 229 2623 aut
216 2561 390 2622 tinvolvor
416 2561 518 2623 volens
545 2559 673 2623 nolens?
718 2562 751 2622 Si
777 2568 877 2622 tamen
904 2563 964 2622 iam
991 2565 1111 2622 omnino

95 2651 152 2712 tibi
181 2657 239 2712 stat
268 2657 385 2711 senten
387 2654 428 2732 ia,
455 2651 506 2711 fiat
493 2658 613 2712 tcerte
641 2651 696 2711 deo
724 2650 831 2712 bene
824 2659 950 2712 iuvante.
996 2651 1053 2712 Sed
1078 2658 1112 2711 ut

114 2747 204 2800 tme
232 2728 332 2799 labore
361 2738 460 2819 aliquo
489 2739 582 2820 leveS,
608 2739 697 2800 velim
725 2740 934 2801 adscriberet
922 2743 1112 2843 tepaginam

96 2828 168 2890 libri
195 2828 231 2889 ad
259 2831 374 2889 variant
376 2847 407 2889 es
362 2828 499 2889 tlect
477 2835 589 2910 troneS,
614 2831 686 2889 item
710 2834 740 2890 et
762 2828 916 2890 intervalla
938 2831 1112 2909 paginarum

97 2917 238 2978 distincta
259 2917 307 2978 vel
329 2935 522 2979 numerorum
545 2920 626 2978 notis
648 2917 695 2978 vcl
714 2917 862 2997 alphabeti
880 2917 984 2978 literis.
1020 2916 1110 2977 blaxi-

46 3068 48 3075 ,
95 3025 161 3067 mos
194 3008 274 3067 enim
307 3006 454 3067 exantlavi
485 3006 615 3088 labores,
647 3009 822 3087 priusquam
854 3009 938 3086 potui
967 3005 1111 3086 Rhenani,

96 3093 226 3176 Gelenii,
263 3089 445 3156 (ἱιιιιιιιιι389
477 3101 532 3156 etc.
565 3097 701 3175 redigere
735 3096 770 3156 ad
804 3096 939 3156 ordinem
972 3097 1110 3198 capitum.

95 3183 171 3245 Nam
191 3183 350 3263 Sigoniana
373 3184 464 3245 editio
483 3184 593 3245 Veneta
615 3178 811 3289 postrema³⁹⁰
832 3186 949 3264 paginis
970 3186 1111 3262 insignita

95 3281 168 3334 erat
147 3271 257 3334 tlle
285 3273 385 3334 Indice
413 3273 509 3334 Tacit
514 3267 554 3306 ⁸⁹¹
584 3276 679 3334 miror
710 3273 843 3334 nondum
871 3273 928 3334 tibi
955 3273 1110 3334 obvenisse

95 3380 165 3424 cum
195 3364 273 3424 meis
304 3361 503 3424 schediasmat
503 3356 583 3424 ιι392
633 3362 690 3423 Diu
722 3364 803 3424 enim
836 3369 894 3444 est,
932 3362 1010 3442 quod
1043 3380 1111 3423 eum

94 3454 245 3512 curaverit
267 3451 511 3531 lungermannus.
548 3451 607 3513 Sed
626 3454 685 3513 iam
703 3451 899 3532 proculdubio
918 3459 1022 3512 nactus
1041 3453 1110 3512 eris.

94 3540 210 3612 Quodsi
237 3540 368 3602 lndiccm
402 3548 506 3601 nactus
540 3559 586 3623 es,
617 3559 678 3602 non
706 3543 796 3602 etiarn
823 3560 905 3602 meas
933 3547 1040 3616 notae,
1064 3539 1119 3594 iac,
