2400 3966
128 168 151 231 4
556 162 706 234 Epistolae

129 319 201 378 sicas
225 316 336 395 aliquot
355 313 483 377 Graecos
502 312 670 375 Aristotelis
694 316 873 393 interpretes
895 321 926 374 et
943 313 1078 374 Venetiis
1097 318 1152 374 t‘ua
1188 324 1191 329 ·

130 425 234 487 opera,
262 423 333 467 auro
357 404 507 465 Badhorui
534 421 601 464 esse
629 411 744 483 emptos
772 410 803 463 et
828 405 962 482 integros
990 421 1060 464 cum
1087 404 1152 463 tuis

23 555 27 562 .
130 495 215 556 libris
238 491 370 575 Lipsiam
393 493 539 555 advectos
580 491 737 553 Badhorno
760 492 807 552 his
830 491 927 552 literis
950 510 1004 571 ago
1028 510 1083 571 gra
1083 494 1153 574 tias,

126 580 183 645 'ubi
215 584 251 644 ad
283 601 339 644 nos
367 582 505 663 redierit,
537 600 625 660 quam
652 584 783 662 primum
811 583 928 642 occasio
955 582 1030 642 mihi
1058 581 1153 665 fuerit

130 673 242 755 oblata,
271 679 397 751 quantas
424 689 560 751 possum,
587 671 725 731 referam.
771 669 839 731 Tibi
861 689 931 731 vero
955 670 1089 749 gratulor
1112 671 1152 731 de

131 763 210 823 redit
197 769 231 824 tu
264 764 296 822 in
328 755 544 843 patriam¹⁹et
514 778 624 839 epro
653 778 725 821 auro
754 766 922 841 argentum,
953 759 1153 821 loachimicos

133 851 248 912 scilicet
262 850 393 912 sedecim
408 868 477 910 cum
490 848 623 931 dimidio,
641 852 731 910 remit
730 851 873 910 tlocum
859 848 967 910 lamulo
982 843 1153 929 Borneri20,

131 949 166 1002 ut
188 943 286 1020 primo
310 933 429 1019 qu'oque
452 947 586 1017 tempore
610 937 826 1000 mercatoribus
849 937 967 1018 Lipsiae
993 946 1153 1017 argentum

132 1049 149 1091 a
177 1036 218 1090 te‘
234 1031 401 1109 numerari,
428 1027 585 1088 Badhorno
612 1029 645 1088 in
666 1027 750 1088 ltalia
778 1045 883 1089 aurum
906 1026 943 1088 ab
966 1030 1041 1107 ipsis
1064 1027 1154 1088 reddi

132 1121 237 1199 possit.
275 1117 317 1179 lle
339 1119 476 1198 pecunia,
500 1134 575 1195 quae
597 1116 712 1195 reliqua
732 1119 799 1198 erit,
822 1135 902 1198 uam,
922 1119 954 1178 ui
973 1116 1068 1198 fallor,
1092 1119 1153 1178 erit

133 1208 242 1289 aliqua,
264 1226 319 1287 pro
342 1213 464 1267 vectura
488 1206 592 1266 solves.
633 1204 740 1266 Libros
764 1205 923 1284 diligenter
946 1224 1153 1284 servansque

134 1316 179 1379 eo,
202 1297 272 1357 dum
297 1314 348 1357 eos
372 1315 388 1356 a
411 1303 441 1355 te
465 1302 564 1374 petam
587 1294 691 1356 literis.
737 1294 859 1356 Memini
882 1293 1052 1356 Fabricium
1078 1297 1153 1356 ami-

134 1405 202 1447 cum
225 1394 361 1447 nostrum
384 1402 506 1446 narrare
530 1392 560 1444 te
585 1383 681 1445 sullur
704 1384 877 1464 candidum,
905 1383 984 1463 quod
1008 1383 1155 1464 Campani

134 1477 302 1554 virgineum
331 1472 492 1554 appellant,
520 1473 675 1551 collegisse
704 1475 736 1533 in
763 1473 891 1552 planicie
920 1472 970 1535 illa
993 1471 1154 1554 sullurosa,

135 1583 210 1643 quae
234 1571 280 1624 est
302 1566 381 1624 inter
404 1561 559 1641 Neapolim
583 1569 613 1622 et
634 1556 813 1622 Puteolos²¹.
860 1561 952 1624 Cuius
974 1561 1154 1642 particulam

135 1661 223 1731 atque
246 1652 318 1712 alias
342 1670 392 1712 res
414 1651 542 1732 fossiles,
567 1653 593 1711 si
616 1670 690 1730 quas
713 1659 813 1712 tecum
835 1653 971 1732 portasti,
994 1652 1030 1712 ad
1051 1670 1102 1713 me
1120 1660 1157 1714 ut

135 1744 250 1823 mittas,
277 1741 469 1802 vehementer
497 1759 583 1821 rogo,
611 1748 674 1801 tum
703 1743 806 1821 etiam,
833 1747 867 1801 ut
889 1759 944 1821 per
967 1743 1061 1802 otium
1086 1741 1156 1803 dili-

136 1832 308 1910 gentissime
340 1829 375 1890 ad
404 1847 452 1889 me
479 1830 663 1911 perscribas,
696 1825 767 1909 quid
795 1829 933 1890 Horstius
961 1829 998 1890 de
1026 1833 1156 1909 gemmis

136 1920 231 1999 deque
255 1919 321 1980 aliis
344 1918 434 1978 rebus
456 1919 557 1980 multis
577 1922 692 1981 sentiat.
730 1919 799 1980 Vale
819 1925 849 1980 et
867 1937 957 2000 perge
976 1936 1067 1998 porro
1087 1938 1156 1982 mea

136 2008 233 2069 studia
256 2010 366 2068 iuvare.

179 2123 396 2205 Kompnicii,
419 2123 480 2185 llll.
502 2124 559 2186 Gal.
579 2125 650 2203 Aug.
675 2143 752 2185 auno
771 2124 808 2184 Μ.
828 2123 860 2186 D.
879 2123 991 2184 XLllll.

731 2238 908 2320 Georgius
931 2239 1108 2320 Agricola.

269 2565 273 2573 '
381 2552 411 2623 3.
446 2553 482 2621 li.
500 2552 660 2642 Agricola
674 2553 732 2621 W.
752 2554 912 2624 Meurero.

135 2658 376 2728 Kempnicii.·
489 2738 493 2746 .
918 2666 960 2717 26.
980 2661 1053 2730 Aug.
1074 2667 1155 2718 1544.

202 2790 327 2852 Doctiss.
353 2789 529 2869 philosopho
553 2788 725 2850 acmedico'
741 2788 768 2849 d.
787 2789 824 2849 M.
839 2788 998 2869 Volfgango
1016 2791 1155 2854 Meurero

137 2882 232 2940 amico
249 2898 311 2941 suo.
339 2878 468 2959 Lipsiae.
497 2879 601 2939 XXX.
615 2881 746 2954 Augusta
753 2879 849 2941 1544
876 2880 985 2955 Georp.
1000 2885 1156 2957 Agricola.

133 3062 136 3069 y
205 2987 234 3046 S.
253 2985 437 3084 Negotium
433 2983 523 3046 Paulo
541 2985 648 3045 Manno
671 2984 825 3046 tabellario
849 2984 918 3044 dedi
941 2986 1046 3047 diebus
1068 3007 1157 3069 supe-

139 3073 392 3155 rioribuS,11ttex
406 3082 436 3135 te
456 3081 623 3154 quaereret,
641 3081 741 3135 utrum
759 3076 926 3174 pecuniam,
944 3094 999 3153 per
1017 3076 1157 3155 Egidium

138 3158 334 3223 Μίιιιιιιιιιι22
359 3163 394 3224 ad
413 3171 443 3223 te
462 3165 594 3243 missam,
617 3165 768 3242 acceperis
787 3162 888 3223 necne.
925 3163 953 3222 ls
972 3166 1013 3223 ait
1032 3183 1157 3245 respon-

139 3251 233 3330 disse,
259 3260 364 3328 argent
365 3271 415 3312 um
440 3271 505 3312 esse
530 3252 631 3312 datum
654 3258 742 3331 teque
766 3252 800 3310 lit
789 3253 861 3310 teris
885 3252 971 3310 hoc
963 3271 1060 3330 ipsum
1082 3257 1157 3316 mihi

141 3340 333 3419 significasse.
382 3340 439 3401 Sed
469 3360 536 3408 cum
565 3339 661 3401 nullas
689 3343 869 3420 acceperim,
897 3358 982 3420 rogo,
1005 3350 1038 3401 ut
1061 3362 1094 3403 ea
1119 3345 1156 3406 de

141 3446 283 3490 renunc
313 3447 365 3487 me
390 3432 550 3489 certiorem
578 3429 677 3490 iacias
723 3429 813 3489 Dabis
841 3431 930 3489 etiam
957 3429 1027 3490 huic
1053 3441 1156 3495 nostro

56 3555 61 3567 ·
140 3516 333 3598 bibliopolae,
362 3536 431 3578 cum
459 3519 583 3579 redierit
606 3538 622 3579 e
645 3519 852 3598 Merseburgo,
875 3523 1102 3581 commentarios
1125 3526 1157 3584 in
