2422 3944
564 194 585 251 I.
606 191 718 258 Gruteri

343 372 395 446 34.
427 376 453 446 Ι.
478 375 636 444 Gruterus
660 374 690 442 d.
714 372 947 441 Rittersbusio.

137 498 404 570 Heidelbergoe.
928 503 952 551 9.
972 491 1053 554 Febr.
1073 504 1155 584 1594.

206 615 233 675 S.
258 614 287 674 P.
325 613 427 674 Anrice
455 610 584 674 sincere!
630 612 671 672 lle
695 611 823 684 Querolo
852 613 949 671 serius
976 616 1155 676 transmisso

138 703 253 765 nullum
283 711 356 781 puto
383 703 493 764 sactum
521 703 674 782 damnum,
706 704 766 762 nisi
794 701 873 781 quod
900 701 983 763 hisce
1010 705 1156 768 nundinis

138 812 198 854 non
230 791 344 852 videbit
375 791 481 852 lucem.
527 790 730 853 Commelinns
762 793 842 851 enim
870 790 1018 852 Genevam
1051 812 1156 856 secum

140 883 219 942 lerre
252 880 390 960 cupiebat
422 889 452 941 ct
483 881 594 940 ibidem
625 880 742 940 tradere
773 881 964 960 typographo.
1010 881 1096 944 Nunc
1123 885 1156 946 id

141 972 237 1031 serius
262 977 320 1051 est3
344 969 416 1030 abiit
440 972 605 1030 animante
625 971 804 1048 septimanas
824 988 885 1029 sex.
923 970 981 1030 Sed
999 969 1049 1032 hic
1068 973 1156 1054 culpa

140 1058 220 1120 nulla
257 1066 315 1120 tua.
366 1058 469 1137 Neque
502 1057 628 1118 debebat
660 1059 783 1118 incertis
816 1061 962 1119 committi
994 1062 1156 1140 exemplar.

141 1148 225 1220 Quod
254 1165 341 1226 spero
370 1150 585 1226 impressurum
614 1149 712 1226 ipsum
740 1149 819 1208 intra
847 1156 1003 1231 semestre,
1031 1153 1058 1211 si
1085 1171 1157 1234 non,

141 1239 206 1297 laxo
239 1239 417 1297 remittatur.
464 1235 555 1296 Notae
585 1243 654 1297 tuae
682 1236 798 1297 additae
826 1237 934 1316 oppido
962 1239 1057 1300 bonae
1085 1249 1158 1302 sunt

141 1335 172 1387 et
198 1327 250 1385 liet
276 1327 307 1385 in
334 1323 394 1406 iis,
415 1325 493 1404 qnod
517 1328 570 1385 vis.
616 1325 724 1385 Videor
747 1344 802 1404 ego
825 1332 924 1386 tamen
947 1328 1081 1406 pauculis
1106 1331 1158 1390 ad-

141 1416 261 1475 modum
281 1415 414 1494 exceptis
432 1421 523 1475 totam
542 1413 622 1475 illam
639 1415 822 1475 comoediam
840 1415 1052 1478 transformare
1067 1437 1159 1497 posse

141 1507 173 1564 in
195 1496 354 1564 versus²⁰⁶.
391 1503 530 1565 Eminent
553 1510 634 1564 certe
659 1510 689 1564 et
710 1503 841 1582 produnt
863 1522 895 1564 se
919 1507 1030 1584 passim
1054 1507 1157 1586 plures

142 1595 253 1653 senarii
274 1592 322 1652 uel
344 1592 464 1653 iambici
487 1592 534 1652 vel
554 1592 706 1653 trochaici.
744 1591 776 1652 Si
800 1595 854 1653 otii
876 1601 991 1655 tantum
1014 1598 1081 1676 crit,
1104 1598 1158 1658 ali-

143 1682 213 1761 quid
241 1681 368 1742 monebo
397 1699 452 1760 per
479 1675 725 1760 appendicem207.
771 1681 812 1742 lle
836 1677 986 1767 Plautis’i)
1016 1686 1095 1763 quod
1123 1695 1157 1748 tu

143 1773 264 1851 cogitas,
286 1770 361 1830 nibil
385 1777 443 1850 cst3
466 1770 598 1830 nondum
620 1769 723 1830 babeo.
760 1769 998 1850 Lingelshemins
1019 1784 1158 1837 accurate

144 1863 217 1941 egit,
245 1859 323 1938 quod
347 1861 457 1941 potuit3
486 1859 538 1920 sed
562 1877 632 1919 casu
656 1858 758 1919 aberat
781 1864 910 1938 optimus
934 1861 1029 1923 loacb.
1054 1863 1159 1925 Came-

144 1951 240 2010 rarius
264 1967 320 2009 nec
343 1948 496 2008 mandarat
519 1949 657 2026 cuiquam
681 1967 696 2008 e
718 1948 923 2031 familiaribus,
947 1953 998 2030 qni
1016 1952 1158 2015 traderet..

144 2039 202 2098 Sed
235 2045 265 2098 et
291 2037 515 2097 Wesembecius
547 2036 596 2097 illc
629 2045 733 2098 noster
764 2040 828 2099 sine
855 2041 893 2099 iis
921 2039 957 2099 ad
985 2059 1040 2100 nos
1067 2046 1160 2124 venit,

145 2127 224 2206 quod
242 2127 316 2187 mihi
335 2145 406 2187 sane
426 2125 557 2187 cordolio
576 2134 630 2186 est.
667 2125 786 2187 Absolvi
805 2129 885 2188 enim
900 2127 1043 2189 Senecam
1057 2148 1159 2192 meum

145 2224 174 2277 et
196 2218 370 2295 praeparavi
390 2235 438 2276 me
457 2218 517 2276 otio
537 2217 628 2276 lnerti
647 2215 682 2275 ad
702 2223 854 2276 recentem
873 2217 952 2277 illam
966 2218 1158 2297 palaestram.

144 2304 186 2365 lle
214 2308 252 2365 iis
280 2324 360 2366 neruo
387 2306 486 2365 scribo
514 2305 550 2364 ad
578 2303 610 2364 D.
638 2303 808 2383 Philippum
836 2301 1093 2389 Camerariumm,
1125 2318 1161 2371 ut

145 2394 250 2455 saltem
277 2395 458 2455 transmittat
486 2394 520 2454 ad
549 2396 701 2472 proximas
728 2394 876 2454 nundinas
902 2394 1160 2459 Franclurtcnses.

146 2485 178 2544 Si
200 2491 271 2544 tunc
294 2483 369 2544 nihil
392 2484 437 2564 fit,
461 2483 517 2543 alia
539 2500 663 2543 neccsse
687 2485 746 2542 erit
767 2484 917 2565 incipiam,
941 2503 1015 2564 qnae
1039 2486 1159 2548 nollem.

145 2573 260 2643 Quaeso
283 2575 393 2651 itaque,
416 2591 453 2632 ne
476 2573 609 2650 graveris
632 2573 739 2631 iterato
762 2573 948 2634 intercedere
971 2592 1037 2634 mea
1061 2594 1160 2637 causa.

145 2661 177 2721 D.
205 2661 337 2740 llelisso,
369 2660 402 2720 ll.
429 2660 560 2720 Frehero
592 2660 716 2740 tradidi,
747 2661 826 2739 quod
860 2663 1056 2741 inscripseras
1084 2667 1160 2744 ipsis

146 2769 275 2830 carmen,
294 2767 362 2810 cum
382 2749 520 2810 adessent
538 2749 612 2809 mihi
626 2752 658 2810 in
672 2749 797 2827 prandio
813 2769 881 2812 cum
895 2751 927 2812 ll.
941 2751 1159 2816 Wesembecio.

145 2840 288 2900 Invitatus
317 2845 381 2898 erat
403 2846 433 2898 ct
456 2837 606 2918 Posthius,
634 2839 687 2898 scd
711 2837 761 2898 ille
784 2839 944 2900 excusabat
968 2859 1000 2901 se
1024 2859 1077 2902 sua
1100 2843 1160 2904 sibi

145 2930 288 3010 podagra3
320 2929 420 3006 itaque
451 2926 539 2987 hodic
571 2929 630 3006 ipsi
661 2930 860 2988 transmittam
889 2936 919 2989 et
946 2930 1094 2990 excusabo
1123 2933 1160 2993 de

146 3019 275 3079 editione
303 3016 545 3097 Epigrammatis,
572 3035 752 3096 quamquam
778 3035 839 3077 non
866 3025 938 3096 puto
967 3037 1050 3097 opus.
1096 3019 1160 3100 Ego

146 3109 234 3167 etiam
262 3124 359 3185 nuper
386 3104 495 3184 aliquid
524 3105 699 3184 muginabar
726 3108 758 3165 in
784 3105 913 3167 natalem
939 3107 994 3167 filii
1020 3110 1078 3190 tui,
1106 3110 1160 3171 sed

146 3198 205 3254 iam
232 3215 292 3257 non
319 3197 451 3276 invenio,
478 3212 539 3254 non
565 3197 660 3273 magis
683 3213 771 3274 qnam
793 3202 826 3256 tu
850 3195 900 3256 illa
923 3196 959 3256 ad
982 3191 1162 3276 Elegiam²⁰⁹

146 3292 235 3346 tuam.
282 3285 363 3356 Quae
391 3285 417 3343 si
444 3285 573 3362 tempori
601 3302 661 3343 non
688 3291 738 3344 tua
764 3286 878 3365 mittes,
907 3287 981 3345 meis
1006 3286 1161 3369 supplebo,

148 3376 216 3452 quia
244 3375 284 3433 ita
312 3375 372 3453 uis,
401 3374 428 3432 si
455 3391 515 3432 non
542 3373 587 3432 uti
614 3371 650 3432 ab
679 3373 783 3433 eodem
811 3373 967 3434 videantur
989 3373 1104 3457 Apelle,
1132 3385 1162 3437 at

218 3562 245 3632 ³⁵)
264 3559 332 3617 Cod.
350 3560 469 3615 Plautia.
