2400 3966
126 168 168 233 98
518 163 553 218 H.
572 162 746 234 Thederingi

129 317 226 377 llictae
260 317 354 375 menti
385 321 537 393 praestant
569 320 599 374 et
630 314 661 374 Α.
685 313 716 373 V.
749 316 855 374 maiori
883 316 973 374 etiam
1005 317 1090 394 copia
1118 322 1149 376 et
1178 381 1183 394 ,

128 407 260 466 efficacia
284 403 411 464 lelieiori
433 405 465 463 in
488 403 574 463 horto
594 405 768 482 omnigenae
790 403 927 464 lectionis
946 410 976 464 et
995 404 1147 465 doctrinae
1182 398 1188 449 'i

129 502 235 574 sponte
263 498 439 573 nascuntur,
471 495 570 552 animo
592 492 734 554 Eiusdem
762 494 888 553 firmiter
915 495 1070 574 inprimat,
1102 496 1147 553 in·
1182 528 1188 561 22

131 590 263 663 generet,
286 578 454 642 conservet!
499 581 572 641 Mihi
594 581 679 661 plura
707 600 868 660 congerere
893 582 997 661 religio
1022 590 1081 663 est,
1108 602 1145 643 ne
1182 610 1190 664 «ς

131 691 192 732 non
215 680 276 732 tam
295 671 413 731 clientis
432 669 617 731 observantis
636 676 666 731 et
684 669 720 730 ab
739 670 770 731 Α.
790 670 821 732 V.
840 673 1026 750 promotione
1046 674 1148 732 etiam·
1187 718 1190 723 .

128 780 201 822 uum
224 759 397 840 pendentis,
430 778 518 839 quam
546 760 582 820 de
611 760 784 820 fortitudine
813 762 905 821 animi
933 768 963 821 et
990 761 1146 822 tolerantia
1182 806 1190 811 .-

127 850 269 911 Eiusdem
293 848 515 910 subdubitantis
539 867 657 909 causam
680 851 777 928 egisse
801 849 910 911 videar.

197 938 264 1018 lpsa
295 940 416 998 interim
449 940 497 1017 pie
530 936 668 998 defuncta
703 929 812 998 femina
844 939 901 1000 hoe
929 958 945 999 a
976 958 1025 999 me
1058 958 1146 999 ceno·

128 1029 263 1108 taphium
285 1026 406 1087 habeat:

174 1152 328 1213 Clauditur
351 1151 408 1212 hoc
430 1151 545 1212 tumulo
568 1153 668 1231 magni
689 1154 739 1230 pia
762 1159 843 1212 costa
867 1151 976 1232 Georgi

219 1241 314 1323 Remi,
336 1240 488 1301 Musarum
511 1243 654 1320 principis
679 1247 709 1301 et
731 1240 900 1303 Themidos.

179 1330 320 1391 Eiusdem
343 1337 377 1391 nt
399 1329 484 1390 dolor
506 1330 576 1390 hinc
598 1336 685 1391 natus
709 1329 862 1391 claudatur
884 1331 989 1391 eodem

223 1419 435 1499 hlordaeesque
458 1419 542 1479 breri
564 1427 697 1499 tempore
721 1437 809 1480 curae
834 1419 949 1502 abeant,

176 1508 239 1570 Hoc
257 1509 387 1589 Themis,
405 1509 462 1569 hoe
481 1507 629 1590 Charites,
651 1507 752 1569 Musae
772 1527 875 1569 omnes
894 1527 965 1570 voce
984 1516 1148 1589 precantur
1187 1586 1190 1590 Ι

219 1597 292 1659 l'na.
337 1597 448 1657 Eadem
471 1604 502 1658 et
523 1605 574 1657 tua
597 1617 676 1659 nunc
698 1606 774 1679 vota,
797 1601 900 1680 viator,
923 1605 1019 1660 erunt.

198 1722 279 1794 Quae
302 1731 416 1783 restant
438 1722 475 1783 de
498 1722 647 1783 celebrato
670 1723 747 1802 apud
770 1741 824 1784 nos
849 1723 986 1804 iubilaeo,
1015 1724 1051 1783 de
1080 1723 1145 1782 seli·

131 1814 253 1872 eissimo
271 1814 416 1891 principis
433 1818 553 1872 nostrae
572 1806 713 1893 partu⁴⁵⁸,
736 1811 772 1872 de
790 1812 901 1892 templo
918 1811 1144 1891 Elbingensium

131 1903 221 1962 certis
245 1900 465 1961 conditionibus
487 1899 632 1980 Papieolis
656 1919 741 1962 cesso
764 1909 795 1962 et
813 1920 888 1980 quae
906 1901 953 1962 his
977 1901 1147 1983 cohaerent,

131 1993 241 2070 partim
264 1989 300 2050 ab
324 1989 398 2071 aliis,
420 1992 529 2069 partim
552 2009 568 2050 a
591 2009 639 2050 me
662 2009 700 2050 m.
720 1989 842 2052 Octobri
865 1991 953 2051 credo
976 1992 1143 2070 perscripta

131 2098 207 2141 esse.
251 2079 290 2141 Et
312 2082 446 2160 quamvis
473 2097 529 2140 nec
556 2098 573 2139 a
596 2078 637 2140 Cl.
661 2078 715 2141 lin.
738 2079 774 2140 Μ.
798 2079 918 2140 Rettero
948 2098 1003 2140 nec
1025 2098 1042 2140 a
1067 2097 1144 2159 sym-

133 2171 269 2250 patriotis
295 2168 442 2248 Altorphii
474 2169 725 2229 commorantibus
752 2171 889 2248 responsi
917 2168 1079 2248 quidquam
1107 2168 1144 2229 ad

134 2277 216 2320 meas
247 2259 352 2319 eodem
383 2266 516 2338 tempore
548 2260 737 2319 transmissas
768 2258 901 2339 tulerim,
914 2262 1011 2319 ‘recte
1043 2264 1144 2318 tamen

133 2348 265 2428 singulas
288 2355 405 2410 curatas
428 2347 551 2409 confido.
592 2346 678 2408 Finio
701 2349 793 2426 igitur
814 2347 863 2408 hie
886 2365 992 2426 meque
1015 2348 1144 2425 pristino

131 2438 237 2499 l'estro
260 2439 355 2498 amori
378 2445 408 2498 et
425 2437 519 2498 samri
537 2436 727 2516 singulariter
745 2443 775 2497 et
793 2435 940 2497 submisse
959 2435 1143 2497 commendo.

200 2527 454 2608 Heidelberga,
473 2545 509 2588 er
524 2526 645 2588 aedibus
660 2519 973 2587 Doct.lordani⁴⁵⁹lC.¹
992 2532 1021 2585 et
1031 2523 1097 2584 Eth.
1111 2523 1144 2586 P.

132 2616 173 2696 P,
192 2617 337 2696 postridie
351 2616 469 2678 Calend.
484 2616 598 2677 lanuar.
612 2634 655 2676 ao.
669 2633 744 2676 nove
764 2621 866 2694 coepto
882 2610 977 2694 1618,
996 2633 1064 2675 eum
1084 2632 1144 2693 quo

133 2708 232 2766 omnia
245 2706 475 2788 fausta-felicia,
497 2707 600 2787 vitam,
623 2704 833 2786 valetudinem,
851 2710 983 2765 erectum
1000 2703 1144 2764 adversus

133 2798 232 2856 onmia
254 2795 378 2856 adversa
400 2798 532 2856 animum
554 2795 586 2856 Α.
609 2793 640 2855 V.
663 2812 771 2874 precor
793 2795 940 2854 animitus.
985 2790 1145 2871 Largiatur

132 2885 249 2966 eadem,
277 2887 329 2965 qui
352 2885 433 2946 solus
455 2892 567 2965 potest,
594 2883 672 2944 Puer
694 2883 780 2944 nobis
806 2889 906 2963 natus,
933 2880 1018 2942 nobis
1047 2880 1145 2961 datus,

131 2975 216 3037 lesus
235 2974 372 3037 Christus
390 2972 565 3035 lmmanuel!
594 2973 724 3035 Salutem
742 2972 899 3052 plurimam
916 2969 1052 3032 adscribo
1071 2968 1143 3030 Rev.

131 3063 184 3125 nn.
208 3064 245 3126 ll.
269 3058 445 3126 Rindero⁴⁶⁰
467 3072 498 3124 et
520 3062 572 3124 nn.
597 3057 822 3144 Scheureli0⁴⁶¹,
845 3063 896 3140 qui
918 3059 1064 3121 inclusam
1088 3077 1145 3120 suo

132 3154 269 3233 epistolio
293 3154 447 3234 epistolam
470 3153 641 3214 bantiseum
664 3170 768 3215 curare
790 3169 851 3212 non
873 3147 1067 3230 gravabitur..

367 3260 462 3339 impl.
486 3268 517 3321 et
540 3259 648 3321 Excell.
672 3259 793 3320 Vestrae
817 3257 908 3318 cliens
930 3254 1051 3316 devotus

647 3349 867 3410 Hermannus
889 3343 1095 3422 Thedering.
