2400 3966
543 178 678 249 epistolae
1070 184 1113 248 41

93 331 387 415 spissigradissimus
417 327 468 389 ille
497 326 706 392 Commeliuns.
753 331 898 403 Quoniam
926 340 1024 393 tamen
1055 352 1114 394 non

90 430 128 485 est
147 421 324 484 multarum
347 418 523 490 chartarum
544 426 574 478 et
591 417 766 481 Germaniae
785 440 879 500 paene
897 424 1020 501 inrisus,
1042 430 1114 500 puto

89 512 213 573 libenter
248 526 450 571 excusorum.
497 505 578 567 Nihil
608 515 708 570 tamen
736 519 905 588 praevertet
931 510 1114 571 animadver-

89 600 222 663 sionibus
255 599 342 660 meis
375 598 409 657 in
436 596 594 678 Senecam,
626 601 696 677 quia
728 599 868 660 damnum
901 602 930 660 ei
962 602 993 659 in
1023 618 1115 661 mora.

53 758 55 763 ,
87 690 253 771 Expressit·
269 690 336 748 iam
360 703 438 746 anno
462 684 533 746 folia
555 685 622 765 plus
644 690 745 749 minus
764 688 787 747 L
811 696 841 749 et
860 697 973 749 restant
991 689 1115 750 totidem

53 768 55 805 ³
86 788 131 841 aut
150 780 265 860 potius
292 775 391 856 plura,
429 774 621 854 Smpiciones
643 795 727 837 meas
745 795 805 838 non
824 777 918 859 eclam,
941 781 1114 858 priusquam

86 878 112 931 et
143 876 327 945 sinumque
359 862 433 925 illud
465 863 707 926 Camerariunum
739 866 922 946 perlustraro
955 868 1115 949 exemplar,

85 960 152 1019 imm
182 958 333 1036 quinque
362 971 413 1013 scr
443 960 557 1032 septem
580 953 677 1036 MSS,
705 957 757 1034 qui
786 963 855 1016 sunt
882 959 913 1016 in
935 956 1115 1019 bibliotheca

84 1046 236 1126 Palatina,
266 1046 303 1104 in
331 1041 442 1122 quibus
463 1049 578 1103 tantum
601 1043 770 1104 comoediae
793 1047 911 1123 priores
935 1052 1009 1106 octo.
1057 1046 1114 1107 Sed

84 1144 111 1196 el
133 1140 269 1196 servant
294 1132 346 1192 hic
363 1129 481 1210 Apuleii
503 1130 595 1192 libros
614 1133 651 1192 (le
671 1134 754 1192 asino
774 1152 873 1193 aureo.
910 1133 1038 1194 Eosdem
1057 1143 1116 1195 stat

85 1227 173 1286 etiam
196 1221 356 1301 evolvere,
373 1222 549 1299 priusquam
568 1220 638 1300 quid
659 1221 752 1282 edam.
785 1222 830 1282 'ln
844 1229 903 1303 lira,
923 1242 998 1301 quae
1014 1223 1115 1304 habos,

84 1314 157 1375 rnihi
192 1307 439 1373 communicabis
470 1311 539 1369 scio.
586 1310 703 1371 Senties
731 1329 778 1370 me
806 1310 958 1371 hominem
985 1330 1115 1393 mantem,

87 1403 113 1463 ii
143 1408 211 1483 est,
242 1401 300 1480 qui
326 1404 408 1459 tuam
435 1397 491 1458 tibi
518 1416 577 1458 non
607 1398 751 1459 inridebit
777 1399 901 1478 gloriam
929 1400 1114 1479 professione

87 1494 267 1569 nominum,
301 1505 357 1567 per
388 1505 463 1566 quos
494 1487 681 1566 profecerim.
727 1488 874 1550 Nonnulla
904 1491 993 1549 etiam
1021 1489 1115 1549 habeo

87 1582 117 1641 io
145 1578 288 1641 eundem
316 1582 467 1636 auctorem
496 1593 512 1635 a
540 1575 703 1659 Scaligero,
736 1580 858 1638 minime
885 1579 1018 1657 profecto
1047 1597 1116 1639 con-

89 1668 268 1730 temnenda.
314 1662 376 1725 Hac
398 1666 527 1746 ratione,
555 1667 687 1746 lnquies,
715 1665 907 1746 Suspiciones
931 1666 1004 1728 aliae
1028 1676 1117 1729 crunt

93 1747 347 1839 apnonbus¹⁸i
390 1752 500 1814 Verum
523 1755 576 1834 ais,
599 1761 689 1814 etan
713 1773 773 1816 non
795 1756 852 1816 hoc
875 1765 1005 1836 praestat
1028 1777 1115 1836 qnam

92 1856 124 1908 ut
150 1864 242 1908 mere
273 1842 430 1904 extrudam
457 1842 663 1924 Suspiciones,
692 1847 877 1906 coniecturas
906 1865 1012 1926 nempe
1036 1846 1115 1906 nulla

94 1939 179 1997 uuas
209 1934 390 1995 auctoritate
420 1939 470 1992 aut
497 1933 621 1993 ratione.
667 1931 722 1992 Est
748 1934 821 1994 mihi
849 1935 938 1995 isthic
962 1935 1039 2014 apnrl
1062 1954 1115 1995 vos

97 2031 244 2105 cognatus
269 2038 362 2102 unus,
388 2022 509 2081 nomine
531 2020 697 2081 Matthaeus
715 2022 777 2082 Van
800 2023 853 2083 der
872 2019 1018 2102 Bagou187
1042 2026 1116 2084 iuris

100 2114 269 2192 studiosus3
296 2128 365 2172 eum
391 2113 422 2170 in
446 2116 505 2170 tam
528 2112 680 2188 frequenti
702 2111 864 2172 literarum¹
878 2113 1041 2171 (landarum
1065 2130 1116 2190 op-

53 2204 55 2239 ῑ
102 2205 285 2281 portunitate
304 2197 378 2260 nihil
396 2199 540 2260 hactenus
559 2201 717 2278 scripsisse
736 2201 928 2260 vehementer
946 2201 1046 2259 miror.
1084 2200 1116 2259 Si

104 2293 216 2352 occasio
237 2296 293 2370 est,
315 2287 405 2349 velirn
424 2306 558 2368 quaeras,
577 2306 613 2348 an
633 2290 674 2349 ita
692 2288 811 2349 assidue
831 2297 992 2367 occupetur
1010 2306 1117 2350 manus

106 2379 231 2441 tenendo
255 2378 410 2458 cantharo,
437 2385 472 2438 ut
494 2377 605 2437 calamo
629 2396 732 2438 vacare
757 2396 816 2438 non
839 2374 956 2456 possit?
1000 2376 1037 2436 rlt
1061 2379 1117 2437 scit

107 2476 200 2529 umen
228 2485 296 2529 esse
325 2466 484 2546 quaedam,
512 2465 548 2525 de
577 2466 685 2545 quibus
713 2469 871 2527 certiorem
895 2485 941 2526 me
966 2466 1063 2526 facere
1087 2474 1117 2527 et

110 2564 204 2636 posset
230 2565 262 2618 et
288 2574 360 2616 vero
388 2554 519 2616 deberet.
564 2549 791 2634 Pithopoeus¹⁵⁸
818 2563 885 2615 ante
913 2555 1016 2616 ‹lecenr
1043 2555 1116 2616 duo-

111 2646 199 2708 decim
222 2647 289 2707 ‹lies
308 2643 426 2707 dicebat
444 2663 477 2705 se
496 2645 677 2722 scripturum
697 2644 733 2704 ad
751 2652 796 2725 te3
819 2644 871 2704 sed
891 2664 958 2705 curn
978 2654 1045 2706 ante
1065 2664 1117 2706 scr

113 2735 168 2797 dies
186 2734 418 2815 interpellatam,
437 2732 516 2811 quod
531 2733 568 2793 ad
582 2751 634 2793 ros
648 2736 706 2793 iret
720 2732 954 2794 Melanchthonis
969 2754 1062 2813 nepos
1072 2730 1117 2815 ¹⁸⁹,

113 2823 219 2886 licebat
246 2823 379 2884 nondum
403 2829 504 2902 parata
528 2823 639 2903 omnia,
668 2840 743 2900 quae
766 2822 891 2883 volebat.
936 2823 1037 2902 ltaque
1061 2823 1117 2883 alia

114 2916 258 2975 occasione
281 2911 385 2973 literas
408 2913 473 2972 eius
497 2911 676 2990 expectabis.
713 2911 757 2971 bd
775 2912 895 2972 Davidis
913 2909 1037 2973 lifalnros
1063 2930 1116 2989 ego

115 3003 222 3080 quidem
241 3000 317 3063 nibil
336 2999 441 3080 haheo,
459 3000 510 3061 sed
530 3002 613 3060 misit
630 3019 727 3079 nuper
745 3001 781 3062 ad
800 3020 857 3079 me,
877 3003 950 3061 itern
963 3000 1117 3061 Posthiunr

115 3096 140 3150 et
150 3090 310 3171 balissum,
324 3089 460 3150 nonnihil
474 3091 539 3149 eius
554 3091 673 3168 generis
688 3089 811 3151 Carolus
826 3090 1009 3151 Utenhovins
1024 3107 1117 3150 nicus.

116 3177 141 3238 ld
161 3180 255 3242 adhue
279 3185 373 3240 restat
395 3178 472 3258 apud
490 3178 644 3240 Melissum
666 3197 722 3240 nec
746 3198 800 3258 ego
819 3180 888 3240 vidi.
925 3178 999 3240 Puto
1018 3186 1117 3240 tamen

116 3271 224 3348 proprie
258 3269 357 3329 lacere
389 3267 426 3328 ad
455 3270 641 3347 propositum
669 3263 807 3329 tnum¹⁰⁰.
852 3268 920 3329 Vidi
947 3269 1058 3330 dicdum
1086 3272 1118 3330 in

117 3357 235 3438 catalogo
250 3374 360 3417 nomen
374 3359 499 3418 iunioris
515 3357 669 3418 cuiusdam
682 3356 908 3436 Baumgartneri
922 3351 996 3441 (nisi
1010 3352 1119 3441 fallor),

118 3448 162 3523 qui
177 3447 341 3526 parentarit
358 3464 434 3506 anno
453 3449 641 3526 praeceptori
658 3445 702 3506 illl
721 3465 787 3508 meo
806 3446 925 3526 Hugoni
942 3441 1118 3508 Donello¹⁹¹.

117 3531 154 3593 Eo
174 3537 237 3614 ipso
261 3534 359 3595 officio
382 3537 478 3596 sentio
503 3553 549 3595 me
574 3535 670 3596 eidem
693 3538 735 3596 ita
758 3537 941 3618 devinctum,
964 3543 997 3596 ut
1020 3537 1118 3595 facere
