2400 3966
126 167 190 233 116
521 168 554 224 Η,
575 167 746 240 Thederingi

125 319 216 399 berga
250 326 374 398 expecto
408 320 558 378 orationes
591 319 621 377 in
655 326 722 379 actu
751 318 997 398 promulgationis
1024 319 1147 397 privile·

127 412 244 488 giorum
263 407 380 469 Caesar.
401 414 431 468 33
449 408 634 486 promotione
654 407 706 468 lld.
727 410 858 486 quinque
876 402 1045 488 3313333333,
1069 427 1147 487 quae
1184 405 1192 470 l

123 500 173 564 rix
210 498 354 576 effugient
392 514 548 557 censuram
583 496 824 557 Aristarchorum
855 495 1147 579 Ingolstadiensium,
1184 538 1190 545 -

126 589 179 667 qui
197 586 228 647 id
247 605 340 647 unum
359 603 458 665 neque
478 584 612 645 aliuco
577 603 664 663 agere
679 586 820 646 dicuntur
834 603 923 665 quam
936 593 970 647 ut
984 585 1191 666 Evangelio.

126 677 260 736 addictos
287 681 395 736 vexent
424 680 454 733 et
481 677 643 755 exagitent,
672 675 701 735 id
732 674 810 754 quod
833 674 975 735 Lavatero
999 675 1147 753 Tigurino
1187 699 1192 777 r

126 764 279 844 theologo
271 759 310 797 ⁵1³
342 782 439 842 nuper
471 763 592 844 accidit,
567 770 728 824 tcontra
761 782 850 868 quem
878 763 1017 824 virulent
996 767 1148 825 trssimam

127 854 258 919 chartam
296 853 463 914 ediderunt.
522 851 660 913 Nondum
697 855 830 913 omnium
867 853 983 914 'dierum
1020 872 1148 933 vespera

126 943 249 1023 occidit3
274 942 349 1003 lorte
373 959 485 1021 poenas
509 940 667 1044 aliquando
692 941 805 1003 dabunt
792 944 970 1021 rmprcta
962 961 989 1002 rs
1012 949 1043 1002 33
1065 950 1148 1004 atro-

125 1034 223 1092 citatis
248 1050 320 1092 suae
340 1033 400 1111 isti,
423 1033 475 1110 qui
493 1049 574 1092 nunc
592 1033 713 1110 impune
732 1030 873 1111 pusillum
892 1030 1004 1092 Christi
1023 1049 1149 1111 gregem

88 1199 90 1202 Α
125 1121 269 1225 aliligunt
311 1119 372 1180 Mot
360 1127 409 1180 tus
432 1122 502 1179 novi
525 1139 541 1180 a
565 1119 792 1180 mussitantibus
811 1118 938 1199 Ungaris
960 1127 1149 1204 metuuntur,

125 1213 177 1289 qui
205 1203 310 1289 pacem
338 1215 486 1288 quaerunt
512 1228 568 1270 333
593 1216 693 1270 tamen
716 1208 763 1269 vel
786 1211 975 1289 aequissimis
998 1209 1149 1271 conditio-

125 1298 215 1360 nibus
238 1298 274 1360 ab
297 1299 479 1378 Imperatore
503 1297 679 1359 hactenus
671 1306 831 1378 impetrare
854 1316 893 1402 po
894 1305 1025 1359 tuerunt
1064 1298 1148 1360 Scri-

124 1387 200 1449 bunt
217 1387 356 1449 Dacum
347 1405 407 1447 ram
425 1386 480 1448 Xll
493 1387 553 1451 Clb
572 1380 753 1448 armatorum
771 1389 963 1467 praemisisse
982 1389 1014 1448 iu
1029 1387 1148 1449 Marco-

123 1495 263 1558 mannos,
290 1479 392 1556 quisi
416 1478 494 1538 serio
518 1495 582 1537 rem
606 1484 674 1556 aget
696 1483 726 1537 33
749 1495 785 1536 33
809 1474 901 1537 altera
923 1483 1008 1556 parte
1031 1476 1148 1556 Anglus

123 1566 317 1647 respondeat,
353 1565 491 1644 fprtassis
529 1565 585 1626 alia
619 1583 721 1626 rerum
754 1567 812 1626 erit
842 1565 934 1626 facies
965 1565 1023 1626 hoc
1056 1584 1147 1628 anno.

124 1655 198 1715 Nam
230 1661 345 1715 certum
373 1662 419 1715 est
447 1654 572 1716 militem
601 1654 736 1716 Caesaris
766 1653 803 1714 ob
832 1654 979 1734 stipendia
1006 1672 1069 1715 333
1098 1675 1148 1717 re·

124 1749 312 1823 praesentata
336 1750 438 1803 contra
455 1742 568 1817 Dacum
592 1744 662 1804 duci
684 1762 744 1804 non
764 1761 852 1822 posse
872 1750 923 1804 aut
941 1746 968 1804 si
987 1743 1148 1829 ducantur,

123 1831 275 1892 infelicem
293 1832 423 1892 futuram
442 1835 638 1915 venationem,
662 1851 737 1913 qrrac
756 1834 858 1893 invitis
878 1839 908 1893 et
925 1831 1149 1896 reluctantibus

126 1920 250 1982 canibus
279 1923 449 2000 suscipitur.
495 1921 537 1982 De
567 1929 645 1983 statu
668 1929 771 1983 nostro
796 1940 832 1982 er
856 1921 922 1981 aliis
943 1920 1070 1982 uberius
1096 1942 1148 1984 co-

124 2028 263 2091 gnosces,
291 2029 307 2070 a
332 2010 426 2070 Sueco
454 2009 541 2071 nobis
570 2013 743 2092 metuimus,
771 2011 842 2072 hinc
865 2013 944 2071 cives
967 2009 1147 2094 lustrantur,

123 2101 258 2160 munitur
285 2101 370 2160 novis
397 2099 555 2180 aggeribus
578 2103 670 2161 maris
694 2102 804 2160 ostium
827 2102 951 2179 eiusque
973 2118 1148 2181 propugna-

125 2186 234 2270 culum,
258 2191 413 2249 contiones
437 2208 453 2249 3
486 2207 592 2269 preces
614 2188 844 2269 poenitentiales
862 2187 1020 2269 habentur,
1043 2193 1147 2252 omnia

124 2277 160 2336 ad
185 2276 372 2339 devotionem
396 2277 575 2357 diriguntur.
612 2277 703 2339 Recte
727 2277 849 2357 quidem
872 2279 929 2338 ista
952 2280 1066 2360 omnia3
1091 2280 1147 2341 sed

124 2366 196 2446 quid
234 2369 336 2428 iuvant
372 2367 521 2447 praesidia
559 2367 646 2450 loriS,
684 2369 710 2427 si
747 2370 828 2428 intus
861 2366 984 2427 dissidia
1016 2385 1147 2446 reguum

124 2454 290 2539 obtineant,
319 2458 345 2516 si
367 2454 456 2517 luxus
480 2464 510 2517 ct
532 2456 640 2537 fastus,
668 2459 789 2536 antiqua
811 2454 902 2537 mala,
930 2455 1147 2520 dominentur?

125 2543 203 2614 Quid
227 2545 263 2604 de
286 2544 406 2625 publico
429 2553 498 2607 actu
520 2545 597 2625 apud
620 2545 684 2606 Vos'
701 2543 879 2608 celebrando
904 2544 1085 2624 sperandum
1105 2549 1146 2608 sit

125 2632 233 2711 quidve
262 2633 408 2713 explorati
435 2633 544 2695 habeas
573 2635 609 2694 de
638 2632 763 2695 delicato
792 2637 849 2695 isto
877 2633 951 2694 Nob.
974 2633 1146 2697 3311333-

123 2720 222 2781 hoieri
255 2720 390 2783 debitore
418 2722 586 2804 Perbaudo,
618 2742 655 2784 ex
686 2725 747 2784 tuis
780 2741 850 2784 arco
883 2741 1079 2806 cognoscere,
1111 2734 1146 2786 ut

124 2810 307 2890 respondere
337 2815 451 2891 possim
482 2815 559 2873 rotis
592 2820 622 2873 33
653 2812 793 2891 precibus
824 2813 881 2873 viri
914 2814 1020 2892 optimi
1047 2821 1079 2874 et
1106 2813 1144 2874 ob

124 2899 348 2978 pinacothecam
378 2920 461 2962 suam
489 2904 600 2981 passim
628 2900 763 2962 celebris.
808 2900 924 2983 Restat,
951 2907 985 2962 ut
1011 2920 1145 2965 amorem

124 2995 209 3049 tuum
235 2996 415 3069 perpetuum
442 2989 516 3050 mihi
542 2993 713 3051 conservari
737 2996 887 3072 exoptem,
915 2993 964 3052 cui
987 2994 1071 3070 paria
1095 3010 1144 3054 me

124 3075 273 3138 facturum
296 3078 397 3142 nullus
421 3078 548 3140 dubites.
585 3078 654 3140 Vale
678 3086 709 3140 ct
727 3079 805 3140 salve
823 3098 841 3140 a
859 3097 907 3140 me
927 3085 957 3140 33
974 3078 1029 3141 Du.
1049 3080 1144 3162 Copio

123 3183 156 3224 ac
180 3165 302 3248 Nochio,
329 3170 434 3229 amicis
457 3170 577 3229 nostris

166 3289 343 3374 Dantisci,
368 3295 486 3375 raptim,
506 3290 563 3358 ¹21.
579 3293 649 3354 Maii
669 3289 810 3357 a1624.

368 3416 449 3477 Tuus
473 3436 509 3477 ex
533 3417 588 3498 apic
612 3417 837 3478 Hermannus
860 3417 1101 3498 Tederingus.
