2400 3966
88 178 131 243 86
515 177 536 230 1.
556 176 669 231 Gruteri

89 345 220 388 sunnnos
240 326 406 387 studiorum
424 325 561 406 honores,
583 333 752 404 promotum
771 326 807 386 ad
827 326 1000 404 dignitatem
1020 343 1105 403 egre-

88 410 245 496 giam⁴¹⁹²,
282 418 449 476 coniectum
485 415 614 493 denique
651 417 683 476 iu
715 414 852 495 copulam
884 414 1048 494 nuptialem
1056 408 1104 473 4²⁰.

89 505 227 566 Gratulor
253 505 310 565 tibi
338 523 374 565 ex
403 507 514 585 animo,
541 507 715 584 utinamque
743 505 789 564 vel
818 507 888 565 anni
915 504 1008 564 ferret
1031 512 1105 562 tenr-

88 605 202 676 pestas,
230 597 275 655 uti
302 595 338 654 ad
361 613 413 653 vos
437 591 640 655 excurrerem!
686 593 827 654 Facerem
851 593 984 674 prolecto
1008 592 1106 652 libens

88 688 197 762 partim
220 686 264 744 tui
287 702 391 762 causa,
419 685 529 762 partim
551 685 745 762 patriciorum
768 690 949 764 vestrorum,
978 700 1105 761 quorum

89 775 120 832 in
149 772 293 833 ceimeliis
322 775 383 832 scio
413 790 478 832 esse
506 779 606 833 vetera
633 771 683 832 illa
710 776 903 852 numismata,
931 771 967 831 de
996 770 1105 850 quibus

89 870 156 922 ante
185 861 294 923 multos
323 880 415 921 annos
443 860 518 920 mihi
544 861 636 921 multa
664 863 791 922 eximius
814 869 918 922 noster
940 860 993 921 Dn.
1017 858 1106 919 Prae·

89 954 197 1031 torius,
227 953 277 1030 qui
300 950 353 1011 ubi
376 953 423 1030 sit,
448 951 593 1029 proximis
615 952 675 1010 tuis
699 950 805 1030 cupide
829 952 976 1030 opperiar.
1022 948 1106 1009 Salu-

89 1047 169 1100 tetur
197 1059 213 1101 a
241 1059 289 1100 me
317 1039 492 1120 plurimum,
522 1046 556 1099 ut
583 1041 673 1099 etiam
700 1039 753 1100 Dn.
781 1039 905 1119 Remus,
933 1041 983 1100 cui
1010 1056 1106 1116 nuper

89 1132 205 1208 scripsi.
233 1128 463 1207 Epithalamium
481 1122 668 1209 requiris⁴²¹;
692 1128 785 1189 debeo
806 1129 935 1208 quidem,
955 1127 1007 1189 sed
1026 1127 1106 1187 unde

90 1218 200 1279 solvam
219 1238 273 1297 ego
292 1217 341 1278 ille
361 1220 481 1277 tetiam
500 1235 594 1278 annos
612 1216 763 1278 Musarum
778 1217 990 1296 Charitumque
1008 1223 1105 1276 trans-

89 1304 179 1386 fuga?
225 1309 300 1378 Quei
328 1314 426 1367 tamen
456 1314 607 1367 constaret
633 1306 708 1367 nihil
735 1325 795 1367 non
823 1325 870 1367 me
894 1306 969 1367 velle
992 1305 1049 1365 tibi
1073 1324 1106 1365 ac

87 1399 158 1477 tuis,
177 1416 246 1457 ecce
266 1396 477 1457 trochaicum
469 1403 508 1456 rst
496 1396 549 1457 tud
569 1396 667 1456 subito
687 1398 778 1456 animi
792 1395 889 1457 calore
904 1395 1004 1456 lusum
1018 1394 1105 1455 mihi:

91 1549 93 1553 >
133 1504 210 1582 Ergo
234 1506 363 1584 nuptias,
386 1503 434 1563 die
459 1522 516 1582 quo
540 1510 627 1563 natus
652 1510 697 1563 est
685 1496 962 1581 tHoellichius⁴²²,

134 1593 207 1653 Cum
232 1612 284 1652 sua
308 1593 379 1652 facit
401 1589 535 1670 Regina?
572 1591 729 1653 Oominis
753 1593 863 1653 lactum
886 1589 970 1651 honi!

132 1680 315 1760 Liberosque
340 1681 418 1759 quod
441 1683 596 1759 promittat
619 1700 652 1742 ac
675 1688 799 1760 nepotes
822 1681 974 1760 plurimos.

133 1771 247 1847 Sponsa
271 1776 376 1850 macte,
400 1777 494 1829 macte
519 1769 639 1848 sponsal
670 1770 773 1831 Vester
796 1770 845 1831 hic
868 1777 949 1830 totus
974 1770 1048 1851 dies,

132 1859 205 1918 'lota
229 1877 287 1918 nox
311 1857 383 1918 haec
407 1865 513 1939 vestra,
537 1865 635 1918 vestra
658 1865 719 1919 tota
742 1861 892 1920 mutitatio
916 1866 969 1919 est.

133 1947 227 2007 Vivite
251 1950 306 2027 eia,
329 1946 422 2007 bibite
446 1949 500 2027 eia,
524 1947 594 2007 dum
617 1947 741 2029 Lyaeus,
764 1949 835 2009 dum
858 1948 957 2008 Venus

133 2037 270 2117 Imperat,
293 2038 384 2096 vitam
406 2039 562 2115 utriusque
585 2044 719 2097 vestrum
742 2039 833 2098 animi
856 2056 893 2098 ex
917 2039 1073 2097 sententia.

134 2125 209 2187 llum
232 2126 304 2186 licet
326 2124 467 2204 luhetque
491 2144 545 2204 per
567 2125 719 2186 licentiam
743 2145 776 2187 ac
799 2126 970 2205 lubentiam,

133 2215 229 2276 Bibite
254 2218 308 2296 eia,
331 2217 419 2276 vivite
443 2217 498 2296 eia,
520 2223 653 2275 vestrum
677 2218 768 2276 animi
792 2235 827 2276 ex
852 2217 1005 2276 sententia.

88 2339 132 2400 Ab
160 2340 226 2400 aliis
254 2342 382 2419 accipies
409 2339 533 2400 meliora
561 2358 595 2400 ac
623 2340 765 2400 molliora.
812 2339 873 2418 Ego
903 2340 1009 2399 similis
1040 2357 1107 2400 sum

89 2432 222 2510 aurigae,
260 2432 308 2490 cui
346 2429 440 2490 adhuc
478 2431 607 2489 suaviter
643 2430 752 2490 accidit
783 2429 820 2489 ad
852 2447 939 2489 aures
973 2430 1108 2507 crepitus

88 2518 210 2598 llagelli,
234 2518 339 2579 similis
364 2537 431 2579 sum
454 2518 609 2599 naufrago,
638 2521 690 2596 qui
711 2517 783 2579 licet
805 2517 969 2579 subductus
993 2519 1052 2576 sim
1076 2520 1107 2578 in

87 2613 170 2666 terra
202 2625 238 2666 ex
271 2606 388 2668 Oceano
421 2607 471 2667 illo
504 2601 694 2688 Tulliano⁴²³,
725 2614 824 2668 tamen
858 2606 953 2667 adhuc
985 2624 1108 2688 nauseo,

88 2701 188 2754 tamen
225 2696 320 2756 adhuc
351 2695 455 2756 vacillo
488 2695 622 2774 pedibus.
674 2695 780 2756 Omnia
812 2696 908 2757 fausta
939 2702 1040 2755 tamen
1074 2714 1108 2756 ac

90 2783 187 2844 felicia
215 2791 283 2863 opto
312 2803 402 2845 voveo
431 2785 501 2845 huic
529 2787 745 2865 coniunctioni,
776 2785 805 2845 h.
829 2803 854 2845 e.
884 2787 923 2844 sit
950 2803 986 2844 ex
1014 2786 1108 2844 animi

89 2875 246 2952 utriusque
284 2893 337 2934 sen
338 2877 438 2934 etntia
490 2874 522 2933 Si
557 2874 605 2934 Alt
606 2874 673 2934 orfii
709 2873 903 2934 celebrabunt
890 2880 940 2933 tur
976 2876 1109 2954 nuptiae,

88 2968 220 3023 tuuctu
187 2963 322 3023 tmihi
349 2982 408 3023 non
437 2962 613 3041 simpliciter
636 2963 761 3023 salutato
784 2962 837 3023 Dn.
862 2961 1023 3041 Gentilem,
1053 2961 1108 3023 Dn.

89 3048 205 3111 Piccart
193 3059 270 3133 turn,
297 3052 350 3113 Dn.
374 3053 616 3130 Virdungumet
644 3055 670 3111 si
698 3054 765 3130 quis
793 3060 839 3112 est
861 3057 1030 3132 praeterea,
1059 3055 1109 3112 cui

89 3146 177 3199 notus
206 3159 273 3201 esse
300 3145 421 3221 possim
467 3141 535 3200 Vale
564 3148 594 3200 et
617 3141 695 3201 salse
720 3150 752 3201 tu
776 3159 907 3221 quoque,
935 3142 977 3200 mi
1001 3143 1108 3219 gratis-

90 3229 163 3286 sime
187 3229 265 3288 Hoel
252 3230 346 3290 lliehi

133 3332 281 3413 Praecipit
270 3337 368 3396 tabam
393 3330 698 3420 (Heidellrergae),
722 3336 793 3397 lllV.
817 3335 989 3396 Decembris
1011 3332 1108 3398 1615.

155 3439 288 3501 Inclusas
319 3451 352 3502 tu
385 3461 493 3521 quaeso
526 3449 577 3502 aut
609 3442 662 3502 Dn.
690 3442 800 3502 Remus
833 3461 887 3521 per
920 3444 1109 3503 occasionem

87 3528 288 3590 Vratislaviae.
