2400 3966
502 169 708 226 Adnotationes
1050 171 1112 235 177

83 315 117 368 16
135 312 323 383 praefatione
342 313 379 365 ad
397 313 532 368 lectorem
551 314 620 367 baec
639 314 765 368 disserit:
787 314 904 383 ‘Capita
919 313 1018 367 addidi
1031 314 1112 367 hbris

86 383 285 454 singulis...
309 383 376 438 Feci
394 383 424 436 id
443 385 539 438 eximii
557 385 612 438 viri
630 386 766 454 exemplo,
786 385 898 440 Gruteri
911 385 967 438 mei
983 429 988 439 .
1006 429 1034 441 ..
1062 386 1114 440 Est

86 455 223 526 profecto
243 472 277 508 ea
295 455 369 509 ratio
389 456 600 524 expeditissima
620 457 657 509 ad
676 458 787 528 signate
805 456 1015 526 proferendum,
1040 473 1113 524 quae

88 527 181 593 velis,
206 543 241 580 ex
265 527 399 595 scriptore
424 527 520 596 aliquo
543 530 692 596 potestque
711 528 846 582 inservire
865 528 994 581 omnibus
1014 528 1113 581 editio-

89 599 194 662 nibus,
219 615 292 666 quae
316 598 389 651 alias
412 615 429 652 a
453 616 482 653 se
505 599 681 669 pagellarum
702 600 786 653 modo
806 616 840 653 ac
857 616 972 652 numero
991 599 1114 653 immane

90 672 237 739 quantum
251 669 420 738 discrepant.
446 670 583 724 Numeros
603 670 714 739 signavi
733 688 806 724 novo
827 669 953 740 exemplo
973 670 1010 723 ad
1029 671 1114 723 inter-

91 742 187 796 iorem
213 740 383 809 marginem,
416 759 450 795 ne
480 742 504 794 si
527 742 589 809 quis
616 742 768 810 improbet,
798 742 852 795 sibi
875 759 909 795 ex
932 742 1022 795 altero
1046 741 1116 809 quid

93 813 258 866 detractum
286 815 426 879 queratur.
464 813 543 866 Novo
572 812 717 882 exemplo?
745 813 830 866 immo
855 813 980 866 eiusdem
1003 812 1116 867 Gruteri

92 884 165 951 mei3
192 883 266 950 quod
291 883 349 936 iam
367 884 479 952 vidisti,
502 884 531 937 ni
552 883 649 948 fallor,
673 883 704 937 in
722 883 857 938 Sallustio
876 887 905 938 ct
923 884 1041 938 Tacito?

94 953 156 1011 884
176 955 284 1008 Horum
303 955 501 1008 adnotationes
521 973 562 1010 ex,
582 972 604 1008 c.
624 955 655 1007 in
670 955 745 1010 Livii
763 955 888 1009 editione
902 956 1029 1010 Francos.
1046 961 1114 1009 1688

53 1090 55 1099 Ι
95 1025 289 1080 inveniuntur.
380 1025 438 1081 386
467 1026 573 1081 Claude
592 1027 700 1095 Marny‚
724 1027 852 1080 Andreae
871 1026 1010 1081 Wechelii
1031 1043 1117 1097 gener

53 1136 56 1163 ἰ
97 1100 127 1152 66
145 1096 278 1151 officinae
297 1097 510 1165 Wechelianae,
535 1115 608 1166 quae
626 1097 773 1152 Hanoviae
793 1101 866 1165 erat,
884 1098 965 1151 heres
985 1106 1021 1166 (v.
1040 1098 1115 1167 Allg.

96 1168 242 1223 Deutsche
259 1167 354 1237 Biogr.
375 1174 408 1221 14
426 1188 453 1238 p.
471 1172 540 1236 710),
578 1170 661 1238 Apud
686 1187 748 1223 eum
768 1171 797 1222 et
814 1169 931 1222 heredes
950 1170 987 1223 Io.
1008 1169 1116 1237 Aubrii,

53 1244 56 1315 ξ
98 1239 288 1307 Francofuru
306 1239 505 1308 langermanni
524 1240 629 1295 Caesar
647 1257 764 1294 excusus
784 1243 834 1294 est.
917 1239 974 1293 386
1002 1241 1116 1308 Iunger-

53 1320 55 1331 '
99 1327 186 1365 mann
206 1310 237 1363 in
253 1309 380 1364 Caesaris
400 1311 443 1364 sui
462 1311 638 1380 praefatione
657 1313 695 1365 ad
713 1312 858 1366 lectorem:
880 1310 1116 1365 ‘Commentarios

100 1384 129 1436 et
141 1383 227 1436 notas
242 1381 366 1434 omnium
380 1382 517 1451 peculiari
531 1383 603 1436 libro
619 1381 732 1436 Caesari
747 1382 933 1436 adiunximus.
961 1381 1117 1436 Clarissimi

101 1453 215 1508 Gruteri
241 1457 323 1506 notas
351 1454 553 1522 hypercriticas
581 1457 609 1508 te
638 1454 675 1506 ad
698 1456 846 1523 sequentes
869 1453 1010 1507 nundinas
1032 1453 1116 1508 iubeo

53 1582 55 1629 r
101 1525 1117 1667 13369611136111091Ρῆ111116Ρέηἶξγέἔῑῗὲξὲῗέω

53 1656 55 1669 '
101 1683 192 1737 nuper
214 1667 328 1734 quidem
352 1684 404 1737 ope
428 1668 486 1723 Ioh.
505 1668 639 1736 Livineii‚
662 1685 736 1722 nunc
758 1685 824 1722 vero
848 1684 933 1736 opera
956 1668 976 1722 1.
997 1667 1117 1733 Gruteri,

102 1740 215 1808 praeter
234 1754 352 1805 quornm
370 1741 451 1792 notas
471 1740 610 1793 accedunt
623 1738 710 1793 etiam
725 1740 903 1794 coniecturae
916 1738 979 1792 Val.
994 1738 1119 1793 Acidalii

53 1764 56 1883 1
104 1812 132 1864 61
146 1808 227 1863 Conr.
243 1809 432 1864 Rittcrshusii.
466 1810 615 1865 Francos..
633 1854 638 1864 .
656 1813 744 1865 1607.’
818 1811 876 1865 389
895 1810 985 1863 Η6166
1000 1811 1117 1864 adnota-

102 1880 195 1935 tiones
220 1880 256 1933 ad
276 1880 388 1935 Livium
407 1881 533 1950 saepius,
557 1899 598 1936 ex.
619 1899 641 1936 c.
665 1882 752 1935 Basil.
774 1888 850 1950 1640,
874 1882 1045 1950 prodierunt.

53 1988 55 1993 -
104 1951 162 2007 390
182 1952 266 2021 Apud
284 1951 389 2005 Aldum
408 1957 486 2006 1592.
545 1953 602 2007 391
622 1954 655 2007 V.
676 1953 757 2021 epist.
773 1958 815 2008 69.
876 1952 934 2007 393
956 1953 1118 2008 ‘schedias-

53 2018 55 2083 ἰ
103 2024 197 2077 mata'
219 2023 332 2077 Gruteri
350 2026 435 2076 notae
455 2025 491 2077 ad
511 2024 640 2078 Tacitum
659 2023 812 2093 inscriptae
831 2027 903 2078 sunt.

53 2096 55 2101 '
175 2094 234 2149 393
254 2093 354 2149 Christ.
373 2094 527 2162 Acidalius,
549 2096 618 2165 prof.
638 2097 710 2150 med.
730 2095 896 2161 Altcrfinus;
921 2111 985 2148 eum
1004 2111 1028 2148 a.
1050 2099 1117 2148 1607

53 2192 55 2221 ;
104 2165 192 2220 etiam
210 2166 309 2219 Altcrfi
330 2165 435 2219 vixisse
454 2182 488 2219 ex
506 2166 659 2220 Hummelii
678 2165 831 2220 celebrium
849 2166 972 2219 virorum
991 2165 1119 2233 epistolis

104 2236 219 2291 ineditis
237 2238 286 2290 LX
304 2257 330 2306 p.
347 2242 380 2289 86
400 2238 464 2290 adn.
488 2238 673 2307 cognoscitur.
783 2235 840 2291 394
866 2237 946 2290 Η666
969 2235 1120 2304 epistolam

53 2362 55 2371 ,
106 2314 220 2362 61607
246 2309 379 2377 scriptam
403 2326 464 2362 esse
488 2309 553 2363 inde
577 2310 707 2378 apparet,
734 2309 809 2376 quod
833 2307 968 2362 Gruterus
990 2306 1119 2360 Piccarto

53 2382 55 2387 '
105 2381 220 2449 propter
239 2379 460 2449 disputationem
480 2382 514 2434 de
532 2379 685 2434 virtutibus
704 2378 901 2449 imperatoriis,
921 2382 1120 2447 qnaea.1607

105 2450 225 2520 prodiit,
248 2450 444 2504 transmissam
466 2451 573 2520 gratias
598 2451 671 2522 agit,
696 2454 725 2504 et
743 2449 925 2504 Rittershusii
948 2449 1120 2503 (161611616-

106 2521 217 2576 mestici
236 2523 500 2577 commemoratione
519 2524 706 2588 confirmatur,
724 2521 755 2574 id
773 2521 849 2590 quod
869 2521 903 2574 de
918 2520 1036 2590 coniuge
1052 2526 1120 2573 1607

106 2593 213 2646 amissa
230 2593 454 2663 intellegendum
473 2596 523 2647 est.
610 2593 668 2647 396
693 2592 898 2646 Rittershusins
916 2591 1039 2662 priorem
1058 2609 1121 2645 con-

106 2664 201 2734 iugem
220 2667 256 2733 (v.
277 2666 341 2719 adn.
358 2668 418 2734 136)
438 2664 570 2720 3016611
589 2670 657 2717 1607
678 2667 818 2717 mortuam
836 2664 1067 2732 conquerebatur,
1091 2663 1122 2716 id

108 2735 183 2803 quod
198 2735 259 2805 ipse
272 2736 389 2790 Grutero
404 2736 526 2805 epistola
541 2753 583 2802 ea,
598 2735 714 2803 quaein
727 2735 879 2788 Hummelii
894 2734 975 2803 epist.
990 2735 1063 2788 ined.
1073 2735 1123 2787 LX

107 2826 134 2876 p.
146 2813 195 2861 101
208 2825 267 2876 sqq.
284 2809 334 2875 est,
349 2809 538 2862 nuntiaverat.
563 2807 602 2862 Cf.
614 2805 864 2860 Rittershusiorum
876 2805 957 2875 epist.
967 2824 994 2875 p.
1003 2811 1122 2871 27-31;

109 2879 142 2932 de
162 2878 333 2932 carminibus
353 2878 548 2934 consolatoriis
562 2899 588 2932 v.
601 2878 710 2932 Zeidler
722 2897 750 2948 p.
767 2882 817 2930 163
837 2878 901 2931 adn.
916 2877 943 2930 h.
1016 2876 1074 2930 390
1089 2877 1122 2931 V.

108 2950 172 3004 adn.
194 2956 255 3003 214.
328 2951 385 3004 397
410 2952 444 3005 V.
464 2951 527 3005 adn.
549 2957 608 3005 234.
681 2948 739 3003 398
768 2947 972 3001 Rittershusius
991 2947 1021 2999 in
1040 2946 1122 3017 epist.

108 3020 243 3075 Michaeli
262 3022 342 3075 Trew
360 3022 461 3077 Altorf.
483 3029 524 3077 11.
540 3024 605 3092 Apr.
625 3026 694 3073 1609
718 3019 802 3089 (inter
825 3019 906 3088 epist.
926 3017 1123 3072 Richterianas

108 3110 135 3161 p.
152 3095 226 3159 742):
248 3092 326 3147 ‘Etsi
345 3094 419 3148 enim
433 3092 648 3149 Commeliniani
667 3109 685 3144 a
701 3107 745 3144 me
760 3094 890 3159 acceptas
905 3094 1038 3143 curarunt
1052 3089 1123 3158 (scil.

110 3163 246 3233 epistolas
265 3163 385 3235 isidori),
401 3205 407 3218 .
424 3210 430 3222 .
445 3169 541 3220 tamen
559 3165 601 3219 ita
620 3166 686 3217 sunt
703 3163 856 3232 impressae
876 3163 905 3215 et
923 3161 965 3214 166
983 3159 1124 3230 flagitiose

108 3235 278 3290 mutilantur
297 3238 469 3308 exemplaria
487 3236 564 3291 illius
583 3233 743 3304 bibliopolii
759 3273 764 3285 .
781 3276 801 3302 .,
822 3232 920 3286 utrix
938 3232 1059 3300 credam,
1077 3231 1125 3285 vel

109 3307 224 3362 unicum
247 3310 391 3378 exemplar
413 3309 555 3378 integrum
577 3308 630 3361 hoc
653 3309 713 3360 6666
738 3303 858 3358 triennio
883 3320 917 3357 ex
941 3302 993 3357 illa
1012 3303 1125 3357 officina

110 3396 281 3448 quemquam
304 3381 431 3449 accipere
453 3380 592 3451 potuisse,
615 3378 691 3447 quod
714 3375 798 3430 multi
820 3373 875 3428 sibi
899 3373 1036 3428 accidisse
1060 3391 1125 3428 con-

111 3451 205 3518 questi
228 3453 305 3518 snnt,
331 3453 359 3505 et
383 3468 434 3519 ego
457 3453 523 3505 inde
547 3450 617 3503 mihi
638 3449 714 3502 mitti
732 3450 845 3518 petens,
870 3445 929 3500 iam
948 3445 1059 3516 saepius
1080 3462 1125 3499 ex-

110 3525 206 3592 pertus
227 3523 307 3577 sum.’
404 3523 462 3577 399
490 3521 727 3576 Ρ6601166.1607
747 3517 896 3588 (Nopitsch
915 3518 1053 3586 711164).

163 3622 239 3671 Epist.
254 3633 312 3663 6666,
326 3623 383 3662 XVI
396 3627 419 3662 66
435 3622 509 3663 XVII.
931 3612 962 3659 12
