2400 3966
26 139 31 151 ⁵
94 161 137 226 74
527 162 547 218 Ι.
567 161 680 218 Gruteri

89 312 233 391 postridie
263 313 420 393 scriptum,
448 329 506 392 quo
535 313 619 391 prius
643 314 806 390 miseratis,
834 313 912 391 quod
936 321 1004 375 ante
1029 315 1104 376 duos
1130 347 1151 391 n

90 401 151 462 fere
179 419 298 461 menses
326 408 407 462 recte
430 401 504 461 mihi
527 408 662 461 curatum
685 401 748 461 luit.
795 400 852 461 Pro
876 403 1027 481 superflua
1050 403 1105 464 bac
1139 423 1145 480 p

90 510 161 552 cura
196 492 304 550 merito
341 509 392 551 vos
429 508 495 550 amo
527 493 719 568 aestimoque.
765 489 872 551 Laetor
903 510 1022 571 quoqne
1054 493 1105 552 ad·
1138 533 1151 572 ἐς

89 580 210 641 modum
238 597 298 639 non
325 580 513 640 intercidisse
539 597 621 640 meas
644 579 709 638 illas
732 578 816 639 vobis
839 583 1038 642 communiter
1061 584 1106 642 in·

90 672 226 750 scriptaS,
249 667 313 748 tibi,
336 671 467 750 inquam,
490 675 520 729 et
543 667 584 728 Cl.
606 667 679 728 Dno.
702 667 866 749 Virdung03
891 671 1022 731 sienim
1043 689 1104 731 me·
1138 714 1151 753 g

88 760 172 839 mini,
191 760 308 818 inerant
326 757 476 837 nonnulla,
495 775 570 836 quae
588 751 780 840 propalam*)
797 764 861 818 tuto
881 776 941 818 non
960 758 1105 820 deberent
1143 805 1151 845 ἶ

91 847 208 907 saeculo
227 853 287 907 tam
306 847 413 907 fucato.
445 845 483 906 Et
500 845 573 906 lino.
589 846 710 925 quidem
723 845 875 925 Virdungo
895 848 953 908 iam
973 850 1003 907 in
1023 856 1104 909 ante·
1143 894 1150 933 ·.

90 954 207 996 cessum
234 936 377 1015 plurimas
405 935 452 995 his
480 953 534 1013 ago
562 934 715 1014 debeoque
743 937 853 1013 gratias
880 954 934 1015 pro
964 940 1106 1018 carmine,
1148 987 1151 1024 ,

91 1042 148 1104 quo
172 1027 244 1085 item
267 1025 406 1103 dignatur
429 1041 535 1100 ornare
557 1023 741 1103 Epigraphas
764 1031 890 1085 nostrae.
936 1025 1001 1086 Etsi
1025 1029 1105 1086 enim

90 1115 120 1174 id
147 1114 279 1174 nondum
306 1115 484 1193 receperim,
511 1112 586 1173 facio
610 1120 710 1173 tamen
733 1115 935 1174 coniecturam
959 1133 996 1175 ex
1019 1134 1105 1194 prae-

89 1205 186 1264 teritis
218 1203 255 1263 de
288 1203 387 1264 futuro
419 1219 516 1281 neque
549 1201 679 1282 ambigo,
717 1203 790 1280 quin
822 1204 881 1262 iam
912 1203 1029 1282 pridem
1061 1204 1106 1265 illi

88 1293 227 1372 petitioni
257 1299 359 1353 nostro
393 1291 579 1352 satisfecerit.
624 1289 672 1350 Dii
703 1297 819 1351 tantum
851 1291 941 1352 viales
975 1292 1103 1354 faveant!

89 1383 125 1440 At
151 1381 220 1462 tibi,
252 1383 294 1441 mi
321 1380 514 1461 Rittershusi,
547 1378 615 1460 tibi,
642 1381 684 1439 mi
711 1377 857 1460 Piccarte,
886 1381 957 1459 quid
985 1379 1105 1442 dicam?

90 1469 249 1549 Obligastis
281 1488 328 1530 me
361 1469 479 1530 vinculo
511 1486 571 1529 non
602 1467 734 1549 solubili,
767 1469 845 1547 quod
874 1472 914 1530 ita
942 1469 1104 1531 luculentis

89 1560 224 1619 versibus
252 1566 375 1619 conatus
402 1566 521 1618 nostros
544 1559 703 1636 prosecuti.
749 1557 866 1636 Exigite
889 1560 981 1637 igitur
1004 1560 1102 1620 simile

90 1649 174 1728 quid,
202 1647 281 1726 quod
309 1647 466 1707 antidoron
492 1649 539 1706 sit.
585 1639 734 1725 Nuper³⁵³
758 1647 879 1725 quidem
902 1650 1004 1708 nescio
1029 1667 1104 1727 quos

88 1735 251 1796 versiculos
279 1738 398 1815 utrique
425 1743 558 1796 vestrum
580 1737 746 1817 transmisi3
775 1735 828 1796 sed
856 1754 912 1797 nec
939 1737 1013 1796 mihi
1040 1737 1103 1817 pla-

89 1831 165 1905 cent,
186 1824 312 1903 ideoque
332 1826 402 1903 quei
421 1842 547 1904 sperem,
566 1831 600 1884 ut
617 1821 724 1884 vobis?
747 1823 832 1885 Nunc
849 1825 939 1886 huius
957 1829 1103 1905 temporis

89 1914 168 1974 aliud
193 1913 263 1992 quid
287 1915 454 1991 excogitare
477 1912 601 1973 electius
624 1930 684 1973 non
703 1915 880 1992 permittunt
902 1933 1005 1995 curae,
1030 1933 1104 1993 quas

89 2002 227 2082 impendo
246 2001 521 2063 DissertatiuncuIis
540 2001 652 2080 aliquot
669 1996 857 2063 Politicis354.
894 2003 1004 2075 Quidni
1023 2007 1104 2064 enim

88 2092 146 2152 tale
179 2091 289 2171 aliquid
318 2098 346 2151 et
374 2109 428 2170 ego
456 2091 584 2151 mediter
610 2109 757 2151 annorum
783 2087 827 2152 42
856 2092 918 2152 lere
946 2095 1058 2172 quique
1088 2113 1104 2154 a

88 2199 181 2260 puero
214 2198 359 2241 annorum
387 2175 429 2240 12
460 2187 543 2240 entra
570 2179 647 2240 lares
674 2182 788 2259 patrios
815 2183 1022 2259 peregrinatus
1050 2201 1106 2261 per

89 2278 180 2330 totam
207 2263 410 2350 Europam⁸⁵⁵,
442 2287 511 2330 cum
538 2269 654 2329 videam
682 2268 814 2329 scribere
842 2269 963 2348 politica
991 2288 1103 2350 pueros

89 2360 238 2420 imberbes
266 2366 295 2420 et
323 2360 374 2438 qui
401 2360 449 2418 vix
478 2364 690 2437 promoverunt
713 2358 819 2437 pedem
842 2377 879 2419 ex
902 2358 973 2418 hara
996 2377 1105 2438 paren-

88 2445 174 2509 tum?
218 2447 341 2509 Fercem
369 2448 458 2528 forte,
487 2449 514 2507 si
541 2447 577 2507 ab
605 2449 679 2525 ipsis
707 2446 840 2507 lontibus
863 2456 1051 2508 arcesserent
1075 2456 1105 2509 et

89 2545 225 2597 auctores
244 2539 326 2616 ipsos
341 2535 568 2598 consuluissent.
606 2535 664 2596 Sed
679 2532 772 2614 quid?
800 2530 987 2616 Lipsium³³⁶,
1006 2536 1106 2597 Patri·

89 2628 177 2706 tium,
200 2624 356 2704 Bodinnm,
379 2618 632 2704 Castellannm³⁵⁷,
655 2623 887 2706 Machiavellum,
910 2625 1105 2706 Admiratum,

88 2713 229 2774 Boterum
252 2714 419 2793 compilant.
465 2713 502 2774 Et
526 2721 595 2774 sunt
617 2720 716 2774 tamen
738 2713 889 2795 homines,
920 2714 1028 2793 quibus
1053 2713 1104 2774 illa

89 2802 234 2863 collaticia
271 2796 405 2886 stips**)
439 2821 528 2863 aurea
560 2802 691 2883 videtur,
723 2804 813 2862 immo
846 2821 988 2882 gemmea.
1038 2802 1106 2863 Non

88 2892 219 2972 invideo,
248 2891 300 2952 sed
328 2893 430 2952 imitor
457 2894 556 2970 potius
584 2910 636 2952 ave
663 2891 765 2951 forsan
791 2893 886 2971 magis
914 2892 1022 2972 fausta,
1051 2891 1105 2952 sed

89 2984 202 3041 ratione
230 2980 361 3041 meliore.
407 2979 516 3040 Verum
545 2980 580 3041 de
609 2998 644 3041 eo
673 2999 725 3040 vos
749 2980 929 3041 iudicabitis.
975 2980 1034 3041 llas
1058 2983 1104 3040 in-

90 3070 196 3151 clusae,
214 3073 256 3130 mi
269 3069 459 3149 liittershusi,
479 3072 505 3129 si
523 3076 604 3130 recte
625 3071 775 3130 curaveris
796 3070 832 3129 ad
847 3069 879 3130 D.
893 3063 1105 3130 vackerum³⁵⁸

89 3166 120 3218 et
151 3158 290 3220 elicueris
322 3159 395 3219 mihi
423 3176 601 3237 responsum
627 3162 706 3218 intra
734 3177 867 3219 mensem
895 3177 988 3219 unum
1015 3165 1104 3238 atque

90 3247 224 3327 alterum,
247 3248 359 3308 afficies
382 3266 429 3308 me
453 3247 598 3308 beneficio
622 3250 742 3326 ingenti.
780 3247 856 3308 Sunt
879 3249 959 3308 enim
983 3250 1036 3327 qui
1054 3247 1105 3308 ad·

160 3453 185 3522 *)
204 3450 270 3507 cod.
286 3455 411 3521 propola.

144 3523 185 3595 **)
205 3521 271 3578 Cod.
291 3525 381 3592 stipae.
