2422 3944
532 185 566 240 H.
588 184 761 257 Thederingi

364 379 415 451 70.
446 381 484 449 ll.
509 381 738 469 lbederingns
762 383 797 451 o.
820 383 931 452 Remo.

140 506 313 577 Altorpbi.
932 512 974 564 19.
993 507 1062 577 Apr.
1084 513 1160 564 1616.

208 602 412 682 Amplissimo‚
440 600 611 661 Clarissimo
640 609 670 662 et
697 602 924 663 consultissimo
951 601 1006 663 Du.
1035 601 1162 683 Georgia

140 685 292 773 Remoffl,
328 684 486 774 P(atricio)
519 683 720 773 A(ugustano)
758 700 788 751 et
818 690 863 752 lC.
895 694 1163 774 praestantissimo,

141 785 224 862 Reip.
248 779 403 858 Noriberg.
450 777 625 840 Consiliario
654 780 843 860 dignissimo,
871 779 943 840 Dno.
972 786 1003 841 et
1030 779 1163 843 Favitori

142 873 218 953 plur.
242 868 424 929 honorando.
461 867 626 946 Nirrnberg.
664 869 750 929 Aulm
774 867 960 948 llillinghole.

210 959 239 1019 S.
263 959 294 1019 P.
325 956 417 1017 Pauci
440 958 610 1038 simidico,
637 957 826 1037 Amplissime
849 957 902 1018 Dm
926 956 1039 1019 Doctor
1060 958 1164 1041 Reme,

143 1049 253 1109 Fautor
281 1046 319 1127 pl.
348 1045 485 1125 colende,
517 1046 595 1126 quod
624 1049 712 1107 amici
738 1049 798 1107 mei
828 1046 1002 1128 singularis,
1035 1050 1112 1110 civis
1136 1057 1165 1111 et

145 1139 318 1199 mercatoris
353 1138 505 1215 vestratis,
537 1135 590 1195 Dn.
617 1135 756 1196 Iohannis
788 1134 898 1197 Helmii
929 1136 1166 1216 flagitationibus

145 1230 300 1306 inritatus,
323 1227 388 1286 eius
412 1227 535 1303 insuper
558 1227 589 1284 in
613 1243 659 1284 me
684 1225 790 1286 officiis
813 1225 915 1286 multis
937 1233 1106 1308 permotus²
1129 1228 1165 1289 ad

143 1318 201 1378 Vos
229 1317 419 1395 transieram,
451 1322 485 1374 ut
516 1316 609 1375 sacris
641 1316 737 1393 ipsius
768 1313 951 1394 nuptialibus
982 1317 1166 1378 interessem

145 1408 283 1484 diemque
311 1423 404 1464 unum
432 1422 465 1464 ac
492 1403 619 1464 alterum
648 1397 854 1487 (quodetiam
883 1397 1009 1488 factum)
1037 1404 1166 1467 hilarem

145 1495 256 1556 ibidem
279 1496 438 1571 exigerem.
484 1492 547 1562 Qua
576 1495 732 1552 occasione
759 1492 893 1553 Vestram
921 1511 1042 1572 quoque
1069 1494 1165 1574 Ampl.

146 1582 343 1645 conveniendi
365 1583 482 1641 animus
503 1588 576 1661 erat,
598 1588 632 1642 ut
651 1589 680 1641 et
698 1584 830 1643 animum
847 1582 909 1661 lpsi
926 1600 1028 1643 meum
1047 1591 1166 1662 gratum

145 1691 200 1752 pro
229 1669 412 1730 commodata
440 1669 536 1729 denuo
565 1673 597 1729 in
625 1670 794 1731 coemendis
826 1670 911 1731 libris
944 1689 1036 1750 opera
1063 1691 1166 1734 coram

34 1780 36 1785 ·
147 1777 327 1839 exponerem
351 1766 381 1817 et
403 1760 582 1836 assignatam
605 1761 637 1818 in
660 1759 768 1820 litteris
792 1759 823 1820 A.
837 1759 869 1820 V.
893 1762 1053 1838 pecuniam
1076 1765 1165 1823 resti-

149 1858 271 1909 tuerem.
294 1846 459 1926 Utrumque
479 1847 535 1907 boc
553 1850 739 1926 propositum
758 1848 891 1908 absentia
909 1848 941 1908 A
955 1848 987 1908 V.
1006 1855 1072 1909 tum
1090 1856 1166 1911 tem-

147 1939 228 2017 poris
252 1935 382 1996 inhibuit
405 1943 434 1995 et
458 1935 626 2017 suspendit3
654 1939 740 1997 cuius
763 1955 841 1998 nunc
864 1955 919 2016 per
941 1936 1057 1999 litteras
1080 1958 1165 2000 exse·

148 2025 259 2105 quendi
290 2026 370 2084 varia
402 2025 475 2084 mihi
507 2024 653 2086 incumbit
684 2029 862 2105 necessitas,
899 2044 937 2086 ne
970 2025 1087 2089 scilicet
1119 2028 1167 2090 vel

148 2119 317 2195 impensum
339 2114 389 2174 hic
411 2115 443 2174 A.
462 2113 494 2174 V.
517 2112 649 2174 laborem
673 2113 766 2174 levius
786 2121 815 2175 et
834 2114 921 2176 vilius
940 2118 1100 2178 aestimare
1119 2117 1165 2178 vel

147 2206 184 2266 de
217 2206 343 2283 pristina
374 2221 440 2263 mea
473 2205 641 2281 integritate
674 2222 707 2264 ac
736 2203 793 2264 lide
822 2206 980 2283 quicquam
1010 2208 1165 2267 remisisse

148 2312 299 2372 coarguor.
341 2293 448 2373 Quare,
472 2293 550 2370 qrrod
574 2293 692 2371 saepius
716 2293 839 2352 antehac
862 2293 982 2374 lactum,
1005 2293 1165 2356 observan-

147 2386 219 2444 tiam
251 2401 348 2463 meam
381 2390 410 2442 et
442 2381 554 2442 cultum
587 2381 683 2441 denuo
716 2381 782 2441 heic
804 2381 836 2442 A.
860 2381 892 2442 V.
920 2382 1024 2443 addico
1056 2391 1088 2444 ct
1114 2384 1166 2445 ob-

124 2507 128 2513 ·
148 2475 275 2551 stringo,
307 2490 387 2532 nexu
410 2473 499 2531 etiam
521 2476 603 2530 tanto
627 2471 762 2550 arctiori,
793 2477 903 2549 qrranto
931 2474 1026 2532 maior
1052 2472 1166 2534 benefi-

149 2564 262 2622 ciorum
280 2566 448 2619 uestrorum
467 2562 499 2619 in
517 2577 565 2619 me
585 2557 722 2620 cumulus
741 2561 911 2620 accessione
925 2562 983 2621 ista
1001 2560 1165 2623 identidem

149 2649 284 2709 efficitur.
316 2646 459 2726 Proroget
477 2649 583 2708 lehora
601 2646 679 2708 lleus
698 2647 791 2726 Ampl.
821 2648 943 2709 Vestrae
962 2651 1053 2710 vitam
1077 2652 1165 2711 istam

150 2745 180 2797 et
201 2735 409 2816 ualetudinem,
433 2755 491 2816 quo
515 2737 643 2815 gaudere
663 2736 714 2797 diu
736 2744 798 2797 tam
821 2737 915 2798 nobili
932 2737 1036 2799 Vestra
1055 2741 1165 2800 virtute

150 2834 179 2886 et
203 2828 353 2906 comitate,
382 2844 456 2904 quae
479 2844 582 2904 parem
605 2844 664 2885 non
687 2825 789 2906 habet,
816 2826 888 2887 boni
912 2845 1015 2887 omnes
1039 2827 1165 2907 queantl

150 2915 210 2976 Nec
229 2914 366 2994 pluribus
385 2932 450 2974 eam
468 2914 518 2975 bic
537 2914 752 2994 depraedicabo
771 2923 822 2976 aut
835 2934 1007 2996 persequar,
1025 2935 1074 2997 ne,
1093 2917 1165 2979 dum

149 3004 371 3066 buccinatorem
393 3003 514 3064 laudum
536 3003 568 3062 A.
592 3002 623 3063 V.
646 3021 694 3063 me
719 3006 915 3086 constituero,
944 3023 995 3065 eas
1023 3009 1168 3085 pauperis·

150 3096 262 3172 ingenii
285 3101 315 3153 et
338 3094 494 3154 crassioris
516 3091 664 3152 llinervae
689 3091 774 3172 culpa
798 3093 930 3154 deteram
952 3096 1052 3173 potius
1076 3113 1166 3174 quam

150 3201 300 3243 exornem.
345 3181 503 3260 Negotiosa
526 3199 575 3240 res
599 3188 645 3241 est
668 3189 755 3260 atque
779 3183 852 3242 adeo
875 3181 1060 3262 periculosae
1084 3183 1166 3245 aleae

151 3271 237 3350 plena
270 3269 328 3331 τὸν
361 3266 483 3344 {donau
516 3265 697 3346 ἀντιξύειν,
729 3270 785 3331 hoc
818 3278 877 3351 est,
909 3274 991 3332 iuxta
1018 3271 1166 3354 Plautum,

151 3352 363 3418 redhostire448
395 3365 512 3438 contra,
543 3365 577 3420 ut
606 3361 761 3419 merueris.
807 3359 953 3439 Equidem
983 3361 1167 3422 voluntatem

152 3446 344 3508 declarandae
368 3447 557 3525 gratitudinis
580 3449 612 3506 in
635 3447 784 3528 omnihus,
807 3467 881 3528 quae
905 3467 922 3509 a
945 3468 992 3510 me
1015 3450 1167 3529 proticisci

152 3543 305 3616 poterunt,
338 3535 444 3596 studiis
471 3535 565 3615 Ampl.
587 3535 709 3595 Vestrae
741 3537 936 3615 probaturum
967 3556 1016 3599 me
1047 3558 1168 3619 semper
