2422 3944
150 221 215 286 124
542 221 578 277 Η.
598 219 770 291 Thederingi

148 374 218 432 tarii
249 379 348 432 tamen
381 370 470 431 huius
502 379 533 431 et
559 371 668 451 privati
695 376 789 431 status
816 376 987 452 pertaesus,
1020 391 1081 452 quo
1110 374 1165 436 lato

149 461 271 523 trahunt
297 460 511 538 retrahuntque
541 478 656 538 sequar.
702 458 877 538 Magnorum
904 460 1006 539 itaque
1030 461 1166 524 Caesaris

148 550 329 611 Ferdinandi
352 548 591 610 consiliariorum
613 548 733 609 hortatu
755 556 786 608 et
807 547 1035 612 humanissimis
1056 551 1167 614 litteris

149 643 244 701 victus
273 639 308 700 ad
337 640 395 699 iter
422 656 468 698 me
497 656 641 717 praeparo
665 639 744 699 circa
767 636 879 698 Pascha
902 639 1077 703 ineundum
1124 641 1166 703 ed

150 730 246 792 aulam
268 729 399 807 primum
417 727 607 805 Imperatoris
631 745 679 787 me
703 727 854 787 conferam
876 725 1065 791 nobilitatem
1089 733 1166 793 eius·

150 839 208 899 que
234 818 361 896 insignia
384 815 427 876 ibi
450 824 679 897 consecuturus;
706 823 775 895 post
797 817 829 876 in
853 815 990 877 Silesiam
1012 819 1168 882 rediturus

151 908 321 986 designatus
341 905 563 965 administrator
582 905 708 966 duarum
726 906 758 965 in
775 903 825 966 illa
839 905 1043 984 dynastiarum
1056 911 1167 988 prima·

151 988 309 1057 riarum⁵¹⁸
332 987 422 1077 (quae
445 996 630 1073 principatus
651 993 737 1055 titulo
762 994 911 1073 quondam
930 992 1169 1082 superbierunt),

152 1087 269 1147 futurus
303 1102 421 1162 quoque
454 1102 662 1163 supremorum
689 1082 800 1144 ibidem
829 1083 1009 1145 iudiciorum
1036 1105 1167 1166 praeses

151 1174 217 1236 Non
241 1173 366 1234 deerunt
389 1165 481 1256 (scio)
503 1172 552 1232 bic
571 1171 698 1253 labores,
721 1191 820 1253 curae,
842 1171 995 1234 molestiae
1014 1175 1048 1235 in
1065 1194 1168 1238 rerum

151 1264 349 1344 politicarum,
372 1262 566 1322 iuridicarum
585 1269 615 1322 et
633 1263 892 1323 oeconomicarum
908 1264 996 1341 praxi
1012 1272 1169 1347 perpetua,

152 1353 204 1414 sed
223 1371 278 1413 nec
298 1351 355 1412 alia
373 1353 450 1411 vitae
470 1351 624 1411 commoda
642 1370 676 1412 ac
695 1358 867 1411 ornamenta
886 1350 1074 1436 desiderabo,
1092 1373 1169 1434 quae

152 1446 178 1502 si
206 1460 265 1502 non
292 1447 419 1520 prosunt
447 1439 576 1521 singula,
608 1447 708 1499 tamen
735 1442 835 1500 iumcta
863 1438 1019 1502 delectant.
1071 1442 1168 1505 Etiam

153 1530 223 1592 alibi
250 1531 292 1590 dii
320 1529 452 1608 deaeque
480 1528 626 1608 habitant,
655 1547 729 1606 quos
757 1547 866 1608 quasve
894 1529 1027 1591 faventes
1056 1550 1169 1594 numen

152 1620 249 1680 ubivis
271 1617 398 1678 reddere
422 1624 529 1696 potest.
570 1617 640 1676 Viro
663 1617 741 1677 bono
765 1635 851 1677 omne
876 1617 971 1678 solum
995 1623 1093 1698 patria
1116 1629 1171 1704 est,

153 1726 227 1786 quae
252 1714 281 1766 et
304 1705 347 1765 ibi
370 1713 451 1765 recte
475 1708 624 1787 statuitur,
647 1705 699 1766 ubi
722 1706 798 1766 bene
818 1724 883 1766 esse
902 1713 1010 1789 potest,
1032 1727 1072 1770 ne
1090 1709 1168 1772 bene

153 1795 299 1874 sperando
323 1801 353 1854 et
375 1792 451 1854 male
474 1793 610 1855 habendo
629 1802 761 1856 transeat
779 1797 855 1855 vitae
874 1795 1068 1860 curriculum.
1110 1799 1175 1861 Sed.

152 1885 189 1944 ad
212 1884 277 1944 alia.
321 1883 356 1944 lu
378 1885 498 1962 negotio
520 1886 692 1962 pecuniario
713 1883 898 1945 Nobilissimi
920 1883 974 1946 Dn.
992 1885 1170 1949 Heinboieri

152 1972 299 2033 nihildum
326 1973 488 2051 perfecisse
511 1973 552 2033 Te
577 1973 715 2034 demiror.
761 1973 880 2034 Adeone
904 1973 1041 2036 homines
1064 1979 1169 2038 imme·

153 2080 251 2123 mores
276 2069 345 2122 sunt
368 2064 503 2141 praestiti
526 2060 686 2123 beneficii?
721 2062 810 2142 Insta,
833 2080 906 2141 urge
926 2070 1065 2142 coeptum
1084 2085 1169 2146 opus
1204 2098 1207 2105 ‚

152 2152 267 2213 Iuvabit
285 2151 329 2212 Te
347 2170 382 2211 ea
400 2153 432 2211 in
449 2170 483 2212 re
503 2151 674 2230 Spectatiss.
693 2151 747 2212 lln.
767 2150 935 2231 Christoph.
955 2151 1171 2237 Stobenhaber,

152 2240 346 2303 cancellariae
373 2240 554 2322 electoralis,
585 2259 661 2320 quae
689 2240 875 2319 Regiomonti
910 2247 970 2321 est,
1001 2241 1170 2326 adiunctus,

152 2332 202 2392 cui
229 2348 325 2409 nuper
352 2329 507 2408 epistolam
535 2348 551 2389 a
574 2328 629 2389 lln.
647 2329 827 2390 Heinholero
857 2326 1035 2392 submissam
1063 2335 1169 2395 traieci

152 2427 182 2480 et
214 2438 278 2480 rem
305 2437 423 2479 omnem
451 2421 563 2498 aperui.
612 2418 799 2497 Responsum
826 2419 959 2479 nondum
985 2419 1055 2502 tuli,
1088 2422 1168 2502 quod

152 2510 370 2588 quamprimum
406 2527 473 2569 cum
506 2508 569 2568 Tuo
602 2507 793 2568 vehementer
825 2507 976 2588 desidero,
1009 2516 1170 2590 antequam

152 2599 294 2656 nimirum
325 2596 396 2657 hinc
428 2596 540 2658 abeam.
592 2596 721 2657 Litteras
749 2597 869 2657 Vestras
901 2595 937 2657 ad
970 2615 1017 2657 me
1050 2599 1171 2661 curabit

152 2683 293 2744 Nobiliss.
312 2692 342 2745 et
360 2685 497 2765 Ampliss.
515 2685 569 2746 Dn.
588 2685 721 2746 Andreas
739 2685 826 2767 laski,
850 2684 1040 2747 consiliarius
1058 2687 1168 2749 electo·

153 2771 224 2833 ralis
252 2776 409 2855 emeritus,
434 2773 545 2835 Fautor
570 2794 655 2836 meus
678 2774 883 2856 honorandus,
910 2774 1038 2854 quibas
1061 2775 1169 2838 defert

152 2861 317 2923 Morabitur
339 2862 491 2924 vobiscum
514 2883 569 2943 per
592 2866 787 2943 septimanam
809 2882 900 2924 unam
918 2870 969 2924 aut
987 2863 1112 2926 alteram
1131 2866 1168 2926 ad

152 2954 323 3032 minimum3
350 2969 404 3031 ego
433 2959 532 3015 autom
554 2953 674 3014 Vestras
702 2960 770 3013 ante
796 2955 909 3014 exitum
932 2951 1022 3013 huius
1044 2957 1173 3036 mensiS,

154 3043 181 3101 si
208 3042 274 3101 fieri
300 3047 412 3123 potest,
439 3041 489 3102 bic
517 3049 649 3120 expecto.
695 3042 739 3103 'lu
767 3043 826 3102 iam
852 3041 927 3102 mihi
949 3041 1011 3102 vale
1036 3051 1065 3104 et
1088 3042 1171 3104 salve

154 3137 321 3210 aeternum3
349 3132 463 3208 coeptis
491 3149 609 3209 quoque
637 3138 667 3192 et
695 3130 850 3192 conatibus
876 3130 1070 3193 ulterioribus
1092 3135 1172 3193 meis

153 3218 230 3279 bene
253 3220 371 3297 precari
393 3237 454 3279 non
478 3219 590 3300 desine,
614 3222 640 3280 si
663 3237 788 3280 mereor.

198 3357 456 3510 Illqlqbllantisci
483 3363 515 3421 in
538 3361 633 3439 patria
657 3374 693 3420 ex
717 3360 841 3422 aedibus
863 3363 939 3422 meis
962 3359 990 3422 d.
1011 3357 1062 3424 15.
1080 3360 1172 3423 Febr.

154 3466 178 3508 a.
292 3496 298 3508 .

356 3582 359 3590 ,
448 3538 529 3599 Tuus
553 3555 589 3597 ex
613 3535 668 3616 asic
690 3536 913 3599 Hermannus
936 3538 1125 3621 Tedering.
