2400 3966
497 199 637 271 epistolae
1032 201 1077 265 93

53 369 97 411 oon
118 359 170 412 est
197 349 290 431 quod
309 347 475 430 ambigam3
498 349 535 410 de
553 351 692 411 facultate
710 350 790 410 [teus
809 360 838 410 et
858 350 922 410 dies
940 350 1077 411 viderint.

54 440 118 512 [luae
151 446 288 502 restant
320 442 467 518 nuntmis,
503 458 562 499 non
594 440 693 501 verbis
726 438 910 519 expedienda
946 442 1079 517 veniunt,

55 549 115 609 quos
137 549 203 610 ego
228 537 411 590 numeratos
434 531 494 589 iam
515 539 546 589 et
567 540 686 608 paratos
710 529 818 589 litteris
841 530 923 590 hisce
943 532 1078 589 commit-

55 628 104 680 tere
122 620 336 696 destinaram,
354 620 386 677 ni
404 617 549 678 dubitatio
563 618 708 697 quaedam
722 637 769 678 me
789 620 971 699 retraxisset,
990 636 1079 696 quam

56 709 169 769 verbulo
203 709 345 768 eximere
368 706 464 786 Ampl.
486 706 590 767 Vestra
618 707 797 786 dignabitur.
842 707 969 767 [nicom
998 710 1079 767 enim

56 797 150 858 saltem
176 794 343 874 exemplar
365 794 469 856 Lexici
491 795 568 856 luris
587 797 745 882 lascjiculus
765 799 958 857 transmissus
977 796 1079 857 habuit

56 897 77 947 ct
96 887 227 947 litterae
258 893 487 965 expresserunt,
514 904 582 945 curu
609 886 668 946 duo
695 883 875 966 ὑπόμνημα
901 885 1079 965 bibliopolae

57 975 150 1037 latum
176 975 292 1036 afferri
314 972 452 1054 voluerit,
474 981 505 1034 et
526 973 576 1033 ille
600 993 718 1053 quoque
742 975 801 1034 duo
825 994 857 1035 se
880 977 912 1035 Α.
935 975 967 1035 V.
990 975 1081 1035 tradi·

57 1064 128 1126 disse
152 1063 241 1125 mihi
266 1062 384 1123 dixerit
417 1062 494 1133 Quid
512 1065 604 1141 igitur
622 1063 659 1123 de
678 1063 771 1123 altero
790 1064 953 1142 exemplari
971 1065 1081 1124 iactum

58 1156 101 1235 sit,
133 1154 301 1214 coniicere
324 1169 453 1232 nequeo;
485 1146 641 1231 eopios⁴⁴⁹
663 1161 766 1213 noster
793 1151 866 1213 illud
891 1156 953 1212 suis
976 1153 1081 1214 usibus

58 1247 216 1322 exoptarat
240 1247 275 1300 et
296 1241 468 1321 etiamnum,
491 1242 518 1300 si
540 1239 644 1301 haberi
667 1249 773 1322 potest,
796 1241 954 1301 desiderat.
991 1241 1082 1301 Notas

59 1331 94 1392 (ll
114 1330 272 1392 llachovii
299 1330 336 1389 ad
363 1323 598 1391 Treutterum⁴⁵⁰
624 1329 722 1390 eidem
750 1329 926 1407 bibliopolae
955 1331 1083 1408 restitui,

58 1430 85 1481 et
104 1424 175 1501 ipse
203 1437 261 1480 eas
282 1416 363 1479 ultro
381 1422 504 1501 recepit,
527 1419 606 1498 quod
624 1419 703 1480 ultra
720 1421 939 1499 praescriptum
958 1418 1083 1479 schedu-

59 1508 98 1570 lae
124 1515 260 1571 nostrae
286 1524 347 1568 non
375 1507 592 1588 subsequentes
619 1512 746 1589 primam
773 1509 925 1569 decuriam
952 1507 1083 1588 disputa·

59 1601 163 1681 dones,
185 1596 244 1658 sed
259 1595 326 1656 illas
344 1600 424 1676 ipsas
442 1601 559 1676 priores
579 1595 630 1660 10.
645 1598 859 1678 disputationes
879 1597 1084 1676 superioribus

60 1688 208 1749 aundmis
237 1687 300 1746 iam
325 1687 400 1747 mihi
426 1695 543 1766 paratas
565 1687 659 1767 dmm
682 1687 804 1749 Vestrae
832 1687 982 1748 obtulerit.
1028 1687 1085 1747 Pro

61 1776 105 1839 bis
127 1793 209 1856 crgo
233 1776 366 1854 pretium
388 1772 441 1840 48.
460 1778 684 1856 crucigerorum
704 1777 884 1837 demendum
902 1780 961 1838 erit
979 1787 1008 1839 et
1027 1777 1085 1837 duo

62 1865 92 1927 ll
114 1864 266 1944 addendi,
287 1866 315 1924 si
332 1865 428 1927 adhuc
445 1884 540 1927 unum
560 1865 711 1945 exemplar
728 1865 831 1927 Lexici
848 1866 907 1926 huc
931 1866 1087 1946 appulerit,

62 1962 206 2017 manente
231 1955 262 2013 ei
280 1955 395 2034 integra
412 1963 549 2016 vecturae
568 1955 706 2015 mercede
730 1952 782 2017 25.
801 1974 852 2035 cr,
876 1957 903 2015 si
925 1955 1001 2016 torte
1021 1973 1087 2015 cam

63 2045 120 2106 sibi
150 2044 259 2105 minui
289 2052 412 2123 propter
443 2047 614 2105 restitutum
646 2053 785 2105 notarum
816 2044 1087 2105 Bacchon'anarum

62 2132 177 2195 libnrm
201 2133 306 2211 exigui
326 2132 467 2212 ponderis
494 2151 554 2194 non
581 2135 718 2212 patiatur.
773 2133 921 2212 Quicquid
949 2136 1020 2213 erit,
1047 2133 1087 2192 si·

62 2223 163 2285 mulae
189 2220 228 2283 de
243 2219 350 2282 Lexico
369 2221 461 2282 altero
479 2230 560 2284 recte
579 2230 682 2283 curato
701 2223 866 2303 inaudiero,
888 2240 943 2300 pro
958 2222 1088 2300 acceptis

63 2311 151 2373 libris
183 2311 368 2389 assignatum
394 2314 524 2390 pretium
552 2315 702 2372 remittam
729 2319 839 2391 gratus.
885 2310 939 2371 Dn.
967 2309 1089 2389 biplium

64 2400 157 2463 credo
178 2397 350 2461 austrae
369 2410 436 2460 ante
455 2401 567 2462 abitum
586 2401 762 2462 valedixisse
781 2408 832 2461 aut
850 2408 931 2461 certe
950 2399 1089 2479 voluisse,

64 2492 171 2571 siper
190 2486 357 2549 absentiam
375 2489 407 2549 Α.
426 2489 547 2550 Vestrae
566 2489 709 2551 licuisset
732 2490 762 2550 ls
783 2487 834 2551 16.
857 2489 905 2550 die
928 2489 997 2568 Apr.
1021 2506 1090 2549 oum

63 2575 290 2641 mercatoribus
309 2576 421 2656 aliquot
439 2581 549 2639 invitus
568 2586 598 2639 et
612 2579 766 2639 subtristis
780 2577 946 2658 Noriberga
959 2578 1090 2658 Lipsiam

63 2670 178 2747 movit3
200 2664 282 2727 lleus
304 2668 364 2746 ipsi
386 2669 444 2727 iter
466 2669 598 2728 tortunet
621 2676 651 2728 et
674 2667 788 2728 salvum
806 2670 838 2727 in
857 2671 984 2747 patriam
1002 2668 1090 2729 redu·

65 2765 122 2820 cat
161 2754 301 2817 Inveniet
321 2763 464 2817 mutatam
487 2756 522 2817 ab
546 2756 605 2837 illa,
628 2775 717 2836 quam
740 2764 808 2817 ante
830 2759 994 2819 triennium
1022 2757 1091 2817 reli-

66 2849 142 2927 quit,
168 2847 203 2907 iu
227 2851 308 2905 statu
329 2852 429 2906 nmen
451 2844 645 2906 tolerabiliori
668 2855 698 2907 et
720 2846 838 2907 laetiori
861 2865 950 2925 quam
974 2865 990 2906 a
1008 2853 1091 2906 tauto

67 2935 256 2997 llaalitorum
278 2933 379 2995 furore
403 2953 524 3014 sperare
543 2937 611 3013 quis
630 2937 786 3014 potuisset.
818 2935 842 2995 E
862 2935 978 2996 duobus
997 2933 1092 3015 malis,

68 3028 97 3087 si
120 3031 290 3103 utrumque
317 3022 461 3084 declinari
487 3042 548 3084 non
570 3027 680 3106 potuit,
708 3026 808 3085 minus
835 3024 892 3083 fuit
915 3021 1092 3101 eligendum.

69 3112 211 3176 Praestat
241 3113 374 3173 nummis
405 3112 517 3191 aliquot
549 3132 651 3175 carere
684 3132 773 3192 quam
799 3112 923 3172 Martem
952 3112 1092 3172 continuo

70 3205 179 3265 timere
203 3208 257 3263 aut
279 3218 384 3280 pacem
407 3209 585 3283 suspectam,
609 3221 684 3282 quac
703 3205 769 3282 ipso
787 3199 865 3262 bello
885 3199 1017 3261 deterior
1039 3209 1092 3261 est.

71 3290 208 3374 Epistola
234 3290 285 3351 his
312 3307 427 3350 annexa
453 3290 563 3351 Excell.
587 3291 640 3352 Dn.
664 3290 696 3351 D.
720 3283 983 3369 tti1chbergero⁴⁵¹
1007 3307 1023 3349 a
1046 3308 1093 3350 ute

32 3422 39 3435 ι
73 3380 208 3465 debetur,
232 3397 325 3460 quem
343 3381 473 3458 primum
492 3382 524 3440 in
542 3380 668 3460 nuptiali
686 3379 737 3440 illo
755 3379 864 3440 Helmii
882 3379 1007 3459 prandio
1026 3397 1095 3440 cum

75 3470 139 3533 aliis
160 3467 336 3552 hospitibus
360 3468 532 3530 clarissimis
555 3487 675 3530 mensae
698 3476 813 3530 tessera
835 3469 909 3529 mibi
932 3470 1042 3547 iunxit,
1065 3475 1095 3527 et

75 3560 172 3625 theses
194 3561 248 3623 bic
271 3560 466 3619 transmissae
486 3557 522 3619 de
541 3577 599 3619 usu
617 3552 805 3618 venatum⁴⁵²
828 3560 958 3619 retinere
978 3555 1095 3635 debent,

1053 3666 1156 3720 Β·
