2400 3966
131 192 198 270 1'04
523 203 557 258 Η.
577 202 749 274 nucea-ngr
803 155 808 169 ’

132 373 149 414 a
181 372 228 413 me
261 351 454 414 inhabitatam
462 346 503 385 4⁷⁹
533 352 627 431 Praga
660 349 895 414 commutarem?
940 352 1017 413 lstae
1048 361 1152 414 tamen

131 445 326 521 cogitationes
354 460 437 503 meae
464 460 525 502 non
554 450 623 502 sunt
650 444 738 522 tanti,
767 449 800 502 ut
827 441 951 503 meliora
978 449 1153 503 monentem

131 531 224 612 Ampl.
254 531 388 592 Vestram
420 531 523 592 audire
556 549 706 611 recusem,
739 532 811 610 quin
844 530 939 592 adhuc
967 531 1090 592 Vestrae
1119 531 1152 592 Α.
1184 522 1194 577 ’ἱ

131 620 256 682 arbitrio
284 628 314 680 et
341 619 466 683 consilio
489 638 536 680 me
559 625 655 681 totum
677 622 727 680 hic
749 621 900 700 permitto.
946 620 1051 680 Vester
1075 639 1152 702 sum,
1188 668 1194 687 .

132 728 248 790 sequar,
273 728 330 788 quo
354 708 523 769 consultum
546 707 736 790 iudicabitur,
758 709 847 769 modo
871 717 1007 789 sumptus
1031 711 1151 770 itineris
1188 747 1194 787 Ξ

132 817 166 858 eo
196 797 324 858 faciendi
351 805 381 858 et
408 816 491 860 mora
513 816 675 877 paucarum
698 800 944 880 septimanarum,
972 800 1051 859 intra
1075 817 1152 878 quas
1191 838 1194 843 -

24 961 26 966 .
131 887 250 948 affinem
277 905 377 947 meum
405 906 473 948 cum
500 889 630 947 nummis
657 895 687 947 et
709 886 818 947 litteris
842 887 1076 948 domesticorum
1099 907 1151 948 ex-

131 983 228 1057 pecto,
246 975 320 1036 mihi
340 995 355 1036 a
374 975 491 1055 Magnis.
510 974 564 1035 Du.
582 975 758 1036 Consiliario
773 975 855 1036 Caes.
874 995 934 1036 non
954 977 1151 1055 denegentur.

131 1064 203 1126 Utut
235 1083 284 1125 res
318 1063 416 1126 divina
448 1065 624 1144 disponente
652 1064 837 1144 providentia
866 1065 984 1146 cadant,
1016 1064 1152 1127 manebit

132 1146 227 1238 (une)
701 1241 759 1303 alta
782 1250 881 1304 mente
903 1251 1060 1323 repostum

221 1331 370 1392 iudicium
390 1330 488 1410 Magni
511 1338 599 1410 atque
622 1331 696 1392 haec
718 1338 799 1393 tanta
821 1331 950 1392 volentia
973 1330 1067 1392 Remi.

132 1510 187 1571 Cui
216 1488 324 1571 debere
352 1527 415 1589 me,
447 1527 512 1569 mea
541 1511 639 1569 omnia
670 1527 731 1570 non
759 1510 819 1570 nisi
851 1528 919 1571 cum
945 1511 1005 1570 vita
1029 1511 1094 1589 ipsa
1117 1508 1151 1570 L

69 1605 92 1624 ·'
131 1598 162 1658 V.
187 1598 219 1669 Q.
248 1597 391 1658 desinam.
437 1597 506 1658 Vale
534 1605 564 1658 et
592 1597 685 1678 salve,
711 1598 763 1658 Vir
790 1598 995 1680 Amplissime,
1021 1597 1151 1660 Patrone

132 1687 262 1767 Summe,
286 1689 376 1746 immo
399 1684 511 1746 Parens
533 1687 710 1748 venerande.

175 1809 246 1870 Dab.
270 1808 547 1892 Heidelbergae‚
571 1808 622 1871 23.
646 1810 736 1890 April.
761 1830 804 1872 ao.
828 1830 854 1872 o.
877 1830 901 1872 r.
927 1808 1022 1874 1618.

397 1981 426 1995 ..
450 1934 635 1994 Hermann.
659 1934 872 2015 Thedering.
895 1935 1103 1998 Dentiscanus.

129 2174 132 2178 .
192 2130 335 2192 Rescribe
343 2129 496 2191 A.Vestrae
508 2129 633 2191 salntem
644 2150 659 2191 a
670 2130 813 2211 salutatis
826 2139 1036 2211 praeterquam
1046 2132 1151 2194 auu.

130 2220 248 2300 Dionys.
268 2219 458 2301 Gotholredo‚
481 2221 533 2298 qui
555 2227 636 2280 recta
660 2238 676 2279 a
694 2219 836 2281 nundinis
854 2219 1039 2287 Francofurt.
1058 2220 1150 2282 Lute-

130 2313 202 2370 tiam
224 2310 376 2389 proiectus
400 2315 453 2369 est.
498 2307 641 2368 Eiusdem
664 2307 694 2369 F.
717 2308 841 2370 lacobus
863 2327 1003 2372 reversus
1026 2311 1151 2390 quidem

130 2418 241 2478 paucos
265 2397 360 2462 adhuc
383 2396 448 2458 dies
471 2397 627 2458 nobiscum
650 2401 757 2478 exegit,
781 2397 833 2458 sed
856 2405 1035 2459 tamennon
1053 2398 1151 2461 multo

131 2495 198 2566 post
221 2486 368 2549 Genevam
397 2489 558 2566 concessit,
586 2493 619 2547 ut
646 2504 700 2547 suo
729 2486 838 2547 Theod.
863 2481 979 2548 dod*8⁰
1004 2487 1150 2550 idoneum

129 2576 345 2656 typographum
365 2582 495 2654 quaerat.
532 2574 674 2654 Princeps
693 2583 796 2636 noster
815 2575 926 2636 elector
944 2575 1150 2639 Heilhrunnae

130 2667 162 2724 in
194 2672 340 2725 conventu
371 2666 541 2743 principum
570 2664 658 2726 modo
686 2666 759 2746 agit,
792 2663 862 2725 inde
889 2664 1081 2745 Ratisponam
1111 2667 1149 2728 ad

131 2755 251 2814 comitia
279 2760 423 2814 moturus.
469 2752 502 2812 Si
529 2752 683 2814 literarum
706 2771 853 2834 mearum,
882 2753 990 2833 quibus
1007 2753 1150 2834 *volunta-

130 2850 192 2903 tem
214 2861 309 2903 nicam
334 2844 450 2922 aperio,
478 2841 514 2901 ad
539 2843 672 2903 futurum
695 2842 895 2902 Maecenatem
917 2844 1150 2905 transmissione

130 2951 205 3012 opus
229 2932 328 3012 fuerit,
352 2931 430 3010 quod
453 2930 531 2990 haud
556 2930 682 2992 obscure
706 2950 742 2991 ex
765 2933 936 2992 novissimis
951 2931 1064 2992 Vestris
1085 2931 1149 2992 col-

130 3021 198 3102 ligo,
222 3039 290 3082 ecce
313 3020 362 3081 hic
386 3018 515 3080 inclusas
539 3019 611 3080 alias
634 3028 663 3080 et
681 3019 740 3080 loci
759 3026 788 3080 et
806 3019 960 3099 religionis
978 3020 1151 3100 periculosa

129 3113 281 3170 mentione
302 3116 445 3170 carentes.
482 3106 524 3168 De
544 3108 652 3186 quibus
673 3109 815 3187 quicquid
829 3109 860 3169 Α.
871 3108 902 3170 V.
918 3112 1065 3190 statuerit,
1077 3109 1109 3173 b.
1123 3129 1150 3172 e.

130 3201 192 3258 sive
216 3199 418 3259 transmiserit
441 3199 503 3258 sive
523 3196 586 3257 Sibi
606 3199 774 3279 retinuerit,
797 3198 877 3258 idem
896 3198 1019 3258 etmihi
1037 3198 1145 3278 proba·

130 3284 219 3346 bitur.
270 3285 359 3346 Doleo
397 3286 535 3364 equidem
569 3305 617 3346 me
649 3289 802 3365 negotium
834 3287 916 3348 hisce
949 3288 981 3347 Α.
1015 3285 1045 3348 V.
1078 3287 1150 3368 plus

130 3376 202 3436 satis
231 3381 391 3452 occupatae
419 3377 514 3435 maius
543 3375 704 3456 lacessere,
732 3376 784 3436 sed
813 3376 899 3436 aliter
926 3378 983 3436 ista
1011 3376 1151 3456 expediri

128 3469 289 3543 nequeunt.
