2400 3966
141 197 204 261 176
541 198 747 252 Adnotationes

139 339 1159 492 saluntianensis.paraestinaea

141 482 248 551 Gand)’
269 483 308 536 ΙΙΙ
322 502 350 553 p.
365 488 417 537 606
431 484 611 537 recensentur
627 481 778 564 prieedra
798 500 828 535 1n
842 481 970 564 obitum.
983 483 1021 537 .1.
1032 482 1123 564 Lapsa
1134 523 1159 537 ..
1196 492 1199 497 '

139 553 391 624 Lugd.1607';
420 556 451 607 at
477 571 529 608 nee
553 554 636 608 Remi
662 569 714 607 nee
738 552 850 608 Gruterr
878 570 930 608 nea
952 553 1095 608 Praetoru
1123 554 1158 622 (v.
1197 574 1199 579 >

141 641 184 693 ep.
200 628 245 692 68)
264 625 393 695 epicedia
411 625 521 693 insunt,
539 626 653 679 tantum
672 623 817 694 86611366,
836 624 955 694 Heinsii,
974 624 1105 681 aliorum.
1126 655 1158 664 -
1193 636 1196 641 '

142 694 254 750 Gruteri
281 696 406 750 earmina
433 713 534 751 novem
557 694 716 766 (Manibus
739 696 760 750 Ι.
779 695 898 765 Lipsii')
921 695 952 749 in
974 695 1061 753 Delit.
1083 698 1159 766 poet.
1183 732 1186 736 Δ

140 765 219 838 Belg.
244 767 269 819 Il
291 786 318 837 p.
338 773 389 822 861
401 785 442 836 sq.
467 770 496 821 et
518 773 571 821 824
595 769 714 821 exstant.
824 766 882 823 366
902 767 935 822 V.
955 767 988 822 A.
1003 767 1089 835 Base,
1114 765 1160 820 die

142 837 323 892 Convertiten
342 839 396 893 seit
415 839 464 893 der
482 838 677 892 Reformation
694 838 734 892 III
752 855 780 907 p.
796 843 847 891 169
858 855 933 907 sqq.;
956 837 1159 894 Literariselres

140 909 343 963 Woehenblatt
360 911 374 964 Ι
392 909 528 980 (Norimb.
544 915 624 972 1770)
666 914 823 978 .233sqq.;
847 909 954 976 Amiel,
977 910 1059 964 Juste
1076 908 1160 979 Lipse
1196 973 1199 977 .

140 998 167 1048 p.
184 985 235 1033 119
246 997 320 1048 sqq.;
339 981 460 1051 Allgem.
479 981 620 1035 Deutsehe
638 928 732 1050 Uiogr.
753 985 795 1047 18,
817 985 881 1048 741;
906 979 1161 1035 Rittershusiorum

143 1051 279 1120 epistolas
305 1070 332 1121 p.
357 1058 391 1106 49
402 1070 462 1120 sqq.
570 1051 629 1106 336
656 1051 738 1107 Bern.
766 1051 927 1105 Praetorius
957 1057 1039 1120 (1667
1066 1053 1159 1119 natus,

143 1127 185 1176 14.
205 1122 276 1177 Nov.
297 1128 366 1179 1616
384 1125 534 1192 mortuus),
559 1122 640 1177 IUtus
664 1125 693 1176 et
731 1124 809 1191 oeta,
833 1122 966 1190 syndicus
985 1121 1114 1178 Norimb.
1132 1123 1162 1176 et

142 1192 208 1247 inde
237 1194 273 1247 ab
301 1211 326 1249 a.
352 1200 421 1248 1604
447 1194 647 1263 bybliothecae
672 1142 806 1263 66611666
831 1192 957 1250 Norimb.
986 1194 1160 1264 praefectus,

142 1283 168 1319 v.
193 1264 348 1348 will-Nop.
372 1265 486 1333 111231,
510 1266 562 1318 VH
577 1271 636 1319 196.
679 1265 724 1318 Ad
752 1264 825 1318 hunc
853 1265 941 1331 enim,
969 1264 1020 1334 qui
1047 1264 1161 1334 saepius

143 1335 255 1390 Gruteri
273 1353 380 1390 amicus
396 1336 567 1406 appellatur,
581 1335 661 1391 velut
674 1335 712 1389 ab
728 1335 789 1406 ipso
805 1335 923 1391 (irutsro
938 1335 969 1389 in
982 1335 1171 1407 praefatione

143 1406 180 1459 66
199 1407 339 1462 Ciceronis
364 1407 529 1477 editionem,
553 1407 674 1462 maxime
698 1423 733 1461 es
755 1406 896 1477 pertinere
918 1406 1064 1478 videntur,
1089 1423 1162 1476 quae

143 1478 179 1532 de
197 1478 336 1534 Praetorii
354 1479 476 1549 negotiis
494 1478 616 1549 publicis
636 1478 716 1548 epist.
733 1483 766 1531 66
786 1481 1048 1535 commemorantur.

214 1549 271 1604 367
287 1549 421 1604 Gruterus
435 1549 546 1604 Livium
561 1551 642 1604 edere
655 1548 779 1615 volebat,
794 1549 981 1618 quiFrancof.
993 1550 1031 1603 ad
1040 1550 1079 1605 M.
1093 1555 1162 1605 1608

143 1620 258 1689 prodiit,
277 1623 374 1675 tamen
392 1621 452 1675 sine
471 1621 560 1691 ipsius
580 1620 691 1675 Gruteri
709 1619 785 1674 notis
805 1635 842 1688 (v.
863 1620 927 1675 adn.
946 1622 1018 1689 468).
1104 1621 1163 1676 368

143 1690 243 1744 Levini
260 1691 362 1760 Hulsii,
381 1709 407 1746 v.
428 1694 492 1746 adn.
512 1697 572 1746 349.
678 1691 736 1753 369
764 1691 859 1745 Prima
878 1691 966 1746 editio
985 1692 1062 1761 apud
1081 1691 1163 1747 Paul.

143 1762 303 1815 Manutium
322 1779 347 1817 a.
363 1768 432 1817 1666
452 1779 555 1816 excusa
574 1765 625 1818 est.
698 1762 757 1816 370
775 1762 859 1817 Beati
877 1763 1008 1817 Rhenani
1027 1765 1057 1817 et
1075 1763 1163 1834 Sigis-

145 1832 244 1885 mundi
264 1832 374 1888 Gelenii
397 1833 596 1888 adnotationes
616 1833 654 1888 66
671 1833 783 1888 Livium
801 1834 832 1887 in
850 1834 917 1888 edit.
936 1833 1025 1889 Basil.
1044 1833 1164 1890 Froben.

146 1908 215 1956 1636
235 1904 402 1959 coniunctae
421 1907 494 1958 sunt.
559 1905 616 1959 371
644 1905 675 1960 L.
690 1904 791 1958 Veliae
810 1903 1009 1960 adnotationes
1030 1922 1072 1961 ex.
1090 1922 1117 1960 6.
1136 1905 1167 1961 in

144 1972 228 2043 Livii,
242 1975 309 2031 edit.
333 1976 460 2031 Francos.
485 1977 522 2030 ad
544 1977 581 2032 M.
603 1980 672 2030 1668
696 1975 884 2030 inveniuntur.
1001 1976 1061 2033 378
1090 1976 1164 2035 Guil.

146 2045 318 2101 Godelevaei
335 2051 420 2102 notae
440 2047 477 2101 ad
494 2048 605 2101 Livium
624 2047 739 2102 ibidem.
847 2047 905 2103 373
930 2047 1031 2102 Frena.
1050 2048 1165 2103 Modius

144 2116 256 2170 Livium
274 2117 365 2172 edidit
382 2119 492 2174 Franci.
512 2123 589 2174 1688.
663 2116 721 2173 374
740 2117 834 2172 Fulvii
847 2117 944 2173 Ursini
958 2118 1165 2181 ,adnotationes

145 2189 183 2242 ad
209 2189 321 2244 Livium
348 2189 529 2244 inveniuntur
556 2190 586 2243 in
613 2189 686 2244 libro
713 2189 763 2257 qui
789 2189 953 2244 inscribitur
977 2189 1167 2262 ‘Fragmenta

145 2259 343 2314 historicorum
357 2261 477 2315 collecta
491 2262 527 2315 ab
541 2262 606 2316 Ant.
621 2260 787 2331 Augustino,
807 2261 966 2323 Emendate
980 2277 998 2314 a
1012 2261 1042 2316 F.
1054 2261 1166 2318 Ursino.

145 2331 175 2384 F.
188 2331 283 2385 Ursini
296 2335 382 2386 notae
392 2333 429 2386 ad
439 2332 613 2402 Sallustium,
629 2332 786 2398 Caesarem,
801 2331 928 2388 Livium.
941 2333 969 2401 .',
984 2332 1071 2388 Antv.
1087 2338 1166 2402 1696,

145 2420 172 2471 p.
192 2407 342 2459 379-409.
384 2404 469 2458 Marc.
496 2404 601 2469 Donati
625 2401 749 2456 ‘scholia
772 2402 832 2457 sive
856 2402 1078 2459 dilucidationes
1094 2446 1100 2457 .
1117 2404 1168 2460 ,in

144 2473 195 2527 lat.
210 2473 358 2543 plerosque
372 2474 507 2529 historiae
520 2491 654 2528 romanae
669 2474 843 2543 scriptores',
863 2474 963 2529 Venet.
979 2480 1059 2545 1694,
1079 2475 1168 2530 etiam

146 2546 362 2600 commentarios
384 2546 415 2599 in
436 2546 548 2599 Livium
571 2564 597 2615 p.
613 2550 700 2598 1-85
724 2545 877 2600 continent.
984 2545 1047 2602 376
1074 2547 1169 2603 Taciti

147 2632 233 2684 opera
252 2633 285 2670 ex
307 2617 499 2686 recognitione
517 2617 538 2672 1.
554 2615 673 2671 Gruteri.
712 2615 781 2671 Cum
798 2616 892 2671 indice
911 2632 1005 2671 rerum
1024 2634 1059 2672 66
1076 2618 1168 2675 nomi·

146 2704 214 2739 num
229 2688 449 2743 accuratissimo.
474 2688 620 2742 Accedunt
634 2687 750 2741 seorsim
761 2732 766 2743 .
779 2731 784 2744 .
796 2690 881 2742 notae
895 2687 1022 2742 virorum
1036 2687 1168 2745 doetissi-

146 2774 276 2812 morum.
292 2759 441 2816 ,Francofi
467 2765 543 2813 1607.
581 2759 668 2813 index
693 2759 757 2828 plus
780 2776 835 2813 uno
860 2759 1015 2828 alphabeto
1038 2763 1167 2832 usurpat,

146 2831 231 2883 notae
247 2835 297 2884 666
312 2831 440 2900 paginas,
455 2830 609 2899 intorques
619 2829 730 2884 Gruteri
742 2850 766 2895 p.
778 2835 928 2885 617-666.
983 2830 1044 2886 376
1059 2831 1166 2889 Goion

146 2901 367 2970 lungermannus
391 2906 470 2969 (1677
494 2901 540 2956 vel
564 2904 765 2971 1678-1610),
792 2901 868 2956 filius
896 2900 1043 2971 Casperia,
1071 2903 1166 2965 16666.

148 2970 301 3026 Camerarii
323 2973 431 3041 generi,
459 2972 525 3026 inde
549 2973 585 3026 ab
609 2989 634 3026 a.
650 2977 719 3026 1606
742 2971 788 3027 vel
812 2972 879 3029 anni
903 2978 973 3027 1606
996 2972 1082 3029 initio
1108 2990 1166 3036 eor·

147 3046 239 3097 rector
266 3043 297 3097 in
324 3043 437 3098 officina
464 3043 661 3112 Weeheliana,
694 3060 766 3112 quae
793 3042 953 3112 Hanovia03
986 3060 1014 3100 v.
1042 3044 1165 3116 Allgom.

147 3114 288 3169 Deutsehe
307 3115 401 3184 Biogr.
417 3120 459 3183 14,
475 3121 525 3173 799
534 3132 593 3183 sqq.
657 3115 714 3169 377
738 3117 767 3169 V.
787 3115 852 3170 adn.
867 3121 927 3170 364.
992 3115 1053 3171 378
1073 3116 1164 3183 Quon-

148 3185 207 3238 iam
225 3185 338 3256 Lipsius
356 3186 423 3240 fidei
441 3185 600 3249 catholicae
619 3186 750 3240 addictus
769 3189 838 3242 erat.

144 3285 149 3296 ·
221 3256 279 3311 379
312 3257 387 3311 ldem
412 3274 472 3311 esse
495 3256 608 3311 videtur
631 3259 717 3325 atque
735 3257 773 3312 10.
789 3257 912 3326 Ulrious,
936 3258 957 3313 I.
979 3259 1011 3314 V.
1031 3258 1079 3328 D.,
1104 3274 1165 3313 666-

150 3325 274 3380 siliarius
301 3328 381 3382 ducis
405 3327 563 3397 Bipontini,
592 3327 671 3382 errius
694 3328 820 3382 earmina
842 3346 908 3383 mss.
932 3328 963 3390 in
985 3329 1056 3384 Sera
1133 3332 1164 3389 18

148 3415 174 3468 p.
191 3404 242 3451 212
254 3415 294 3466 sq.
314 3401 573 3454 commemorantur.
647 3399 705 3453 380
734 3398 774 3453 cf.
794 3399 876 3470 epist.
891 3405 934 3456 69.
1009 3400 1048 3456 88
1096 3399 1163 3461 Gru·

149 3468 204 3523 teri
223 3468 374 3522 Sallustius
395 3475 462 3524 1607
482 3470 575 3524 editus
595 3471 645 3524 est.
737 3470 794 3532 382
824 3472 855 3527 V.
876 3472 941 3526 adn.
956 3476 1017 3532 376.
1101 3468 1162 3531 383

150 3539 258 3595 Gotofr.
278 3541 478 3610 langermanni
500 3550 536 3610 (v.
557 3542 621 3596 adn.
641 3547 704 3609 376)
728 3541 832 3597 Caesar
855 3559 880 3598 6.
902 3547 969 3599 1606
988 3541 1102 3614 prodiit.
1136 3541 1162 3602 Is
