2400 3966
538 189 677 261 epistolae

142 341 190 402 Cui
211 340 316 402 Venus
340 340 451 401 inlanti
473 357 633 401 mammam
655 341 746 423 dedit,
769 340 851 403 ebria
875 344 987 403 mensis

179 431 376 510 Aethiopum,
399 429 499 490 lucrat
522 447 581 509 quo
604 433 742 492 comitata
764 438 889 512 patrem,

140 520 190 581 Cui
212 538 312 581 umas
335 517 430 579 Erato
454 520 557 598 movit,
580 520 628 579 cui
650 522 784 599 gramine
807 519 893 581 Pindi

177 608 317 670 l'allihus
342 614 467 668 exsecto
490 605 574 668 fulsit
596 607 699 687 Apollo
723 617 820 691 caput,

139 699 230 770 Quem
253 714 392 777 puerum
414 714 476 757 non
498 714 559 757 rma
581 694 685 758 Charis
709 706 820 759 sectata
843 717 974 778 perennc
999 706 1044 758 est

176 787 342 865 Quemque
366 784 587 845 adolescentem
608 803 689 847 nunc
711 790 790 866 perit
813 790 878 867 ipsa
901 788 1030 868 Themis

136 876 201 938 lure
224 877 324 937 etiam
347 875 458 935 merito
480 872 633 935 laurorum
654 875 843 938 Hocllichius
867 876 981 937 rrnrluis

177 965 324 1045 Cingitur
349 981 384 1023 ac
407 964 483 1023 vatis
506 965 627 1023 nomina
650 971 752 1025 sancta
775 968 854 1044 capit

136 1055 290 1136 Spemque
316 1052 391 1113 iacit
413 1052 477 1112 lore
500 1070 543 1132 se,
565 1052 601 1112 dc
625 1072 684 1132 qno
708 1073 811 1114 omnes
836 1054 935 1114 elicere
959 1058 1088 1134 possint:

176 1143 343 1205 Phoebum
365 1159 436 1202 cum
457 1140 551 1202 Musis
574 1159 717 1221 quaerere
741 1142 867 1203 stultitia
890 1151 949 1224 est3

133 1233 295 1295 Phoebum
320 1249 393 1291 cum
414 1228 508 1291 Musis
530 1229 718 1293 Hocllichius
742 1232 862 1292 exhibet
885 1251 977 1292 aruns:

177 1323 211 1384 Si
236 1339 315 1402 non,
338 1338 396 1381 nec
418 1318 565 1401 Phoebus,
587 1320 670 1381 Musa
693 1339 749 1381 nec
772 1321 831 1381 ulla
855 1322 920 1381 luit.

99 1411 245 1492 Quidquid
268 1410 343 1471 heic
366 1426 472 1489 pecco,
499 1407 644 1470 voluntati
666 1416 733 1470 tuae
757 1410 986 1470 adscribendum
1011 1411 1119 1490 reniet,

98 1521 148 1563 non
170 1499 318 1562 facultati
339 1515 434 1577 meae,
457 1499 505 1558 cui
524 1505 592 1559 ante
611 1498 713 1559 oculos
732 1501 873 1560 meritum
892 1507 975 1558 tuum
995 1504 1118 1559 tantuna

96 1582 839 1672 AmplissimoDquryphiandro⁴1⁷plurimum
862 1587 957 1648 debeo
981 1606 1035 1666 pro
1059 1595 1119 1647 tam

96 1681 205 1759 pmlixa
237 1676 340 1738 salute
369 1676 493 1755 eiusque
521 1675 601 1736 mille
630 1678 753 1738 totidem
781 1677 910 1737 millenis
934 1696 1118 1738 remuneror.

95 1770 145 1830 Sed
173 1777 208 1831 et
239 1783 344 1828 annus
372 1770 432 1846 est,
459 1767 549 1825 immo
574 1768 656 1846 anni,
684 1766 763 1846 quod
787 1766 895 1826 haereo
919 1768 950 1826 in
973 1786 1041 1827 acre
1065 1767 1119 1828 Du.

93 1860 233 1939 [asparis
267 1847 409 1933 Factum,
441 1872 458 1913 a
490 1873 548 1933 quo
581 1862 684 1915 ornata
707 1855 787 1915 'licet
820 1856 875 1914 luit
904 1856 1118 1916 rotundissimo

91 1936 368 2029 Epigrammate⁴¹⁹
390 1941 621 2023 inscriptionum
649 1950 819 2004 nostrarum
842 1944 949 2025 moloS,
975 1946 1119 2006 hactonus

90 2047 188 2098 tamen
216 2033 304 2095 silui.
351 2030 448 2102 Quare
471 2051 581 2111 quaeso
604 2040 648 2112 te,
671 2034 739 2093 subi
762 2052 859 2092 meam
882 2036 978 2094 vicem
1001 2053 1035 2094 ac
1058 2042 1120 2094 tarn

89 2145 171 2188 come
205 2127 305 2203 eaput
328 2122 489 2199 gratiarnm
507 2121 599 2182 lloreo
618 2122 713 2183 imbro
733 2123 855 2201 largitor
874 2121 1011 2183 inumbra
1031 2141 1120 2200 spou-

88 2217 227 2295 deasque
264 2208 409 2271 audacter
440 2227 488 2269 me
519 2210 696 2271 humanitati
728 2214 793 2272 eius
825 2211 920 2271 valide
950 2208 1120 2288 obligatum.

87 2305 182 2385 Sique
215 2299 342 2362 occasio
369 2297 522 2360 oboriatur
545 2299 761 2382 redhostiendi‚
788 2303 887 2360 omnia
911 2303 1009 2379 ipsum
1022 2318 1049 2370 ¹a
1073 2319 1121 2360 me

86 2398 261 2476 expectare
285 2405 384 2468 posse,
408 2400 483 2467 quae
506 2388 542 2449 ab
565 2388 685 2450 homine
709 2390 861 2450 doetrinae
881 2391 945 2448 eius
965 2390 1122 2450 acubuisti

84 2481 302 2563 deditissimo.
347 2476 391 2536 lta
414 2478 518 2557 vivam,
541 2480 581 2538 ita
604 2478 724 2539 valeam.

156 2565 345 2632 Scribebam
387 2566 466 2626 inter
505 2569 647 2646 strepitus
686 2570 870 2627 visitantium
911 2565 1122 2628 bibliothecam

84 2661 267 2723 Palatinam
290 2653 376 2715 XVII.
400 2654 566 2733 Septembr.
589 2654 730 2716 MDCXlV
752 2655 1023 2735 Heidelbergae.

638 2764 745 2823 lanus
770 2763 946 2825 Gruterus
969 2773 1077 2826 vester.

315 2950 366 3019 65.
399 2953 425 3020 l.
450 2952 610 3022 Gruterus
634 2956 689 3025 oh.
712 2955 911 3023 Hocllichio.

87 3075 394 3153 (Heidelbergae).
896 3080 936 3130 14.
956 3074 1022 3130 Dec.
1044 3079 1121 3130 1615.

167 3190 320 3265 clariss&
328 3190 496 3268 eximioque
515 3191 587 3251 Duo.
607 3190 820 3271 Christophoro
838 3188 1007 3250 Hocllichio
1026 3187 1046 3247 l.
1067 3183 1122 3250 (1²⁰.

90 3279 288 3362 reipublicae
311 3280 423 3357 patriae
448 3280 569 3358 syndico
590 3288 644 3341 etc.
668 3283 762 3341 amico
786 3281 967 3341 erlecumato.
1004 3276 1122 3337 Norint-

90 3374 221 3450 bergae.
295 3426 299 3433 ,
590 3440 592 3445 .

165 3459 261 3520 lanus
285 3454 431 3517 Gruterus
455 3456 563 3518 Christ.
586 3457 765 3519 Hocllichio.

168 3548 241 3608 Tria
276 3543 364 3605 simul
392 3563 428 3605 ex
456 3548 524 3606 unis
552 3549 612 3608 tuis
640 3545 735 3606 literis
764 3547 867 3607 didici:
895 3545 1065 3607 assecutum
1093 3546 1123 3600 te
