2400 3966
414 230 416 235 ·
495 209 536 264 nd
554 207 601 267 W.
618 208 777 267 Meurerum
1104 214 1146 279 15

84 368 275 440 rerertatur‚
311 367 348 420 et
373 362 446 438 ipse
471 361 571 439 cupit,
600 362 678 420 etsi
702 361 774 441 quid
796 369 847 423 tua
871 381 961 442 opera
984 363 1144 425 accelerari

84 457 188 531 potest,
214 452 271 510 rei
299 451 490 510 communis
514 450 634 509 nomine
656 453 796 531 petimus,
819 459 854 512 nt
872 452 970 513 iacias.
1007 452 1053 512 lle
1072 471 1142 513 vero

87 558 134 600 cur
155 541 239 601 lacti
264 541 341 599 mei
366 540 532 617 poenitere
555 541 659 619 possit,
682 540 816 601 nondum
835 541 1030 601 animadverti
1049 547 1079 601 et
1096 560 1142 601 re·

87 632 145 708 peri
169 628 400 690 mediocriter
423 629 456 688 in
484 628 651 708 provincia,
679 647 767 708 quam
797 632 936 709 expetivi.
981 628 1143 709 Disciplina

88 726 202 779 tantum
230 719 410 778 severiore
438 714 486 774 vel
514 718 613 794 potius
642 717 794 778 acerbiore
820 737 894 798 opus
918 737 985 780 esse
1008 718 1142 797 intelligo

92 826 173 887 quam
198 815 350 868 naturae
376 823 464 866 meae
488 803 595 866 lenitas
619 806 697 867 ferre
720 825 810 888 posse
833 809 958 870 videtur.
994 808 1027 869 ld
1051 810 1143 888 igitur

51 934 54 955 .
93 915 140 976 per
161 896 250 957 mihi
276 893 416 956 difficile
442 901 472 954 et
494 893 653 956 molestum
682 904 727 957 est
751 896 892 958 futurum.
935 898 1141 978 superandum

94 994 190 1047 tamen
216 992 254 1046 et
279 987 404 1064 ipsum.
451 982 493 1043 Te
517 990 664 1044 rectorem
693 992 826 1046 creatum
850 1005 916 1047 esse
940 990 1037 1048 serius
1061 1007 1141 1048 com·

98 1079 243 1156 perimus,
264 1074 345 1134 ideo
366 1089 431 1133 non
449 1073 601 1150 potuimus
619 1077 766 1135 maturius
785 1074 934 1153 gratulari.
958 1075 1023 1137 Etsi
1042 1085 1141 1137 antem

99 1163 275 1243 plusculum
297 1161 514 1222 molestiarum
533 1167 564 1221 et
581 1160 716 1224 laborum
741 1163 797 1223 tibi
817 1162 938 1224 obiiciat
959 1164 1055 1224 honor
1074 1168 1140 1246 iste,

103 1261 197 1314 lamen
223 1261 260 1314 et
285 1255 335 1312 ita
359 1251 487 1311 meritae
506 1250 543 1310 de
562 1257 591 1311 te
611 1251 814 1312 semilitterae
833 1259 961 1332 nostrae,
984 1260 1018 1313 ut
1036 1271 1139 1331 graves

105 1342 153 1403 tibi
177 1345 215 1403 in
246 1357 379 1402 summo
407 1341 584 1418 magistratu
610 1339 728 1402 illarum
756 1358 823 1400 esse
851 1358 911 1400 non
939 1340 1079 1423 debeant,
1110 1349 1140 1402 et

110 1432 287 1511 rependitur
309 1436 380 1491 ate
400 1430 495 1507 gratia
512 1428 569 1509 bis,
589 1448 664 1508 quae
682 1437 712 1490 te
732 1437 876 1490 ornarunt
889 1436 1053 1509 tantopere.
1077 1430 1139 1510 Ego

114 1521 227 1599 quidem
252 1523 341 1580 sicut
366 1517 465 1578 studia
487 1517 593 1578 harum
615 1514 800 1598 praeclariss.
834 1518 924 1599 duco,
953 1521 996 1579 ita
1018 1522 1138 1598 praefici

116 1612 193 1670 etiam
218 1626 319 1670 curae
344 1613 376 1667 et
399 1606 608 1685 gubernationi
629 1607 749 1669 illarum
772 1606 1007 1687 pulcherrimum
1030 1611 1137 1672 iudico.

117 1696 197 1759 loeo
222 1706 334 1759 tamen
358 1698 455 1756 maior
477 1703 524 1757 est
546 1696 610 1758 laus
631 1705 661 1758 et
680 1697 810 1776 dignitas
827 1695 936 1757 talibus
956 1703 1137 1760 ornamentis

121 1786 233 1866 dignum
258 1787 402 1867 reperiri.
448 1785 511 1846 Hoc
534 1788 625 1865 igitur
647 1785 705 1846 tibi
731 1804 811 1847 nunc
834 1788 993 1866 praecipue
1023 1791 1054 1848 in
1082 1790 1137 1848 hac

123 1893 148 1935 re
167 1875 383 1956 gratulandum
405 1877 507 1954 putavi
530 1882 560 1936 et
582 1875 727 1956 gratulor,
756 1882 791 1935 ut
813 1882 899 1956 puto,
927 1879 1136 1937 rectissimum.

124 1962 188 2025 llam
210 1965 290 2025 mihi
314 1966 359 2024 sic
381 1964 557 2045 persuadeo,
586 1982 773 2043 nequaquam
796 1964 852 2024 tibi
874 1964 955 2025 huno
983 1969 1137 2045 magistra-

127 2060 179 2114 lum
207 2057 325 2114 maiora
356 2059 530 2113 ornamenta
561 2053 713 2134 conferre,
747 2071 835 2132 quam
865 2073 882 2114 a
911 2061 941 2114 te
972 2054 1008 2114 ad
1039 2058 1137 2135 ipsum

130 2143 293 2204 alleruntur.
341 2141 399 2202 Sed
422 2141 459 2202 de
482 2141 531 2201 his
553 2143 611 2201 iam
635 2142 748 2203 dudum
770 2144 905 2203 nimium.
952 2141 1011 2202 Oro
1036 2146 1136 2223 igitur,

130 2239 157 2290 nt
174 2231 303 2311 benigne
334 2233 469 2309 accipere
498 2230 571 2291 velis
595 2230 707 2310 absque
736 2238 910 2310 argumento
939 2236 969 2289 et
992 2233 1136 2310 sapientia

131 2321 245 2399 scriptas
268 2318 384 2380 litteras
407 2327 525 2381 nostras
547 2319 663 2400 tibique
686 2321 867 2401 persuadeas
891 2336 948 2398 me,
973 2321 999 2379 si
1017 2318 1085 2380 ullis
1104 2323 1136 2382 in

132 2403 248 2493 rebus*)
272 2427 328 2489 pro
351 2411 487 2469 maximis
511 2416 541 2470 et
563 2410 780 2471 immortalibus
803 2407 958 2468 beneficiis
981 2411 1041 2468 tuis
1065 2409 1135 2469 edu-

133 2499 246 2558 cationis
269 2491 384 2558 meae*5
412 2505 529 2576 gratum
556 2501 688 2560 animum
716 2516 816 2560 meum
839 2494 991 2557 declarare
1014 2500 1136 2580 possim,

134 2584 197 2646 nibil
218 2605 283 2648 esse
307 2588 488 2648 omissurum
511 2591 653 2649 omnium.
683 2588 762 2648 Vale.

172 2685 206 2775 (ll
223 2692 306 2781 ludo
324 2687 522 2778 Portensi),
544 2686 642 2775 pridie
667 2694 766 2755 Nonas
790 2695 963 2757 Decembris
988 2664 1115 2780 (1547).

569 2802 600 2862 T.
625 2795 816 2886 Esr(0mus
839 2799 1092 2886 Rudingerns).

301 3024 349 3099 14.
387 3029 461 3098 Esr.
483 3029 694 3117 Rudingerus
718 3031 772 3099 W.
794 3031 955 3099 lleurero.

137 3125 252 3196 (bludo
269 3132 451 3203 Portensi).
541 3185 542 3188 ,
914 3140 939 3195 8.
957 3135 1016 3190 lan.
1035 3136 1135 3208 (1548).

191 3274 221 3288 ..
244 3227 424 3308 Vuollgango
443 3229 578 3292 Meurcro
603 3232 682 3293 acad.
702 3231 856 3312 Lipsensis
880 3235 992 3293 rectori
1010 3232 1135 3295 Domino

138 3319 161 3372 et
179 3319 361 3397 praeceptori
384 3336 437 3378 suo
461 3318 678 3382 colendissimo.
716 3323 756 3382 X.
776 3323 922 3383 Ianuarii
939 3323 1032 3384 1548.

191 3404 217 3466 S.
235 3405 268 3466 D.
291 3405 455 3469 Abeuntem
474 3427 490 3468 a
513 3409 599 3471 nobis
616 3410 713 3472 loacb.
729 3410 936 3472 Smalcaldiam
955 3431 1049 3491 usque
1070 3430 1135 3474 snm

195 3575 219 3643 'l
239 3575 433 3634 ‘me-rebuo'
455 3579 492 3635 ad
509 3597 598 3654 marg.
