2400 3966
505 109 641 180 epistolae

240 306 298 378 25.
331 309 368 377 Ρ.
390 307 540 377 llelissus
563 308 600 377 Η.
624 307 901 396 Baumgartuere.

51 433 355 505 hleidelbergme.
858 438 901 488 29.
920 432 980 486 Iun.
1002 438 1078 488 1590.

241 529 273 590 S.
293 527 327 590 D.
354 527 434 587 Hier.
453 526 685 607 Baumgartuero
710 532 896 608 septemviro.

114 618 261 681 Litterae
280 624 360 697 tuae,
382 615 613 696 Baumgartuere
632 621 897 699 praestantissime,
920 636 989 679 cum
1007 617 1080 677 mibi

50 708 271 787 redderentur,
294 707 411 766 infirma
430 704 588 767 admodum
608 724 690 767 eram
708 707 885 789 valetudine,
903 705 1080 768 imbecillior

49 801 140 859 etiam
171 798 291 876 factus,
323 801 481 874 postquam
506 801 537 856 te
567 814 635 856 cum
662 795 792 875 podagra
819 791 1078 879 vehementissime

50 887 227 949 conflictari
260 883 463 945 inaudiissem.
517 882 620 944 Morbo
653 903 718 945 meo
752 903 870 947 causam
902 885 1080 965 praebuerat

51 976 235 1056 aeditimus,
268 972 357 1035 home
384 971 559 1054 vilissime,
592 973 771 1035 carbonibus
798 993 891 1054 prope
919 973 1080 1035 Bibliothe-

51 1059 182 1146 esm¹¹⁵,
208 1070 246 1124 ut
267 1061 415 1140 horologii
437 1061 590 1123 machinae
614 1062 728 1123 ferreae
752 1071 949 1124 exurerentur
973 1064 1079 1124 caude-

51 1154 229 1233 liereutque
256 1145 325 1236 (zur
348 1150 521 1231 husghiuug
545 1151 597 1212 des
620 1151 790 1234 UhrwerkS,
813 1152 848 1212 ad
873 1146 990 1235 marg),
1014 1171 1080 1213 suc·

10 1266 12 1297 :
51 1246 165 1324 oensis,
192 1240 276 1303 unde
295 1242 407 1301 sensim
426 1240 524 1301 fumus
542 1240 593 1301 ille
611 1259 779 1302 venenosus
798 1248 828 1301 et
846 1235 998 1321 pestilens,
1022 1240 1080 1300 olei

51 1332 176 1405 rancidi
200 1330 299 1403 fraces
322 1328 419 1409 olens,
450 1331 482 1390 in
504 1328 718 1391 Bibliothecam
745 1337 905 1410 penetrans
929 1331 970 1389 ita
993 1336 1081 1408 caput

10 1428 12 1433 '
51 1429 83 1482 et
106 1419 277 1483 eerebrum
304 1417 379 1478 mihi
405 1420 525 1500 invasit,
558 1426 592 1479 ut
619 1438 655 1479 ex
679 1419 882 1480 obstructione
906 1425 1006 1479 tantus
1034 1437 1081 1480 ca·

51 1511 197 1591 tarrhuS,
228 1514 311 1569 tanta
342 1508 436 1568 tussis
468 1510 614 1588 eruperit,
652 1526 726 1587 quae
765 1508 878 1568 febrem
912 1509 1081 1570 continuam

53 1599 248 1661 excitaverit
293 1596 411 1657 Interea
434 1596 542 1658 nebulo
566 1596 616 1657 ille
640 1597 762 1678 aufugit,
786 1598 990 1677 deprehensus
1014 1616 1081 1659 cum

54 1687 167 1750 ancilla
192 1704 255 1747 uon
274 1684 367 1747 semel
385 1685 545 1765 intemplo
564 1704 629 1747 rem
647 1686 795 1767 habuisse,
818 1705 852 1747 ac
874 1688 994 1766 quidem
1014 1705 1081 1748 oum
1126 1698 1129 1704 ·

54 1777 123 1860 tali,
165 1778 219 1837 eui
251 1774 302 1836 ille
333 1781 414 1835 tutor
451 1775 536 1836 datus
569 1775 673 1836 luerat.
728 1774 875 1854 Prolugus
912 1780 1081 1837 etiamnunc
1120 1831 1126 1843 ,

55 1865 186 1929 oberrat
216 1864 360 1926 moechus
393 1872 423 1925 et
454 1863 578 1925 adulter.
623 1864 720 1925 Habes
749 1864 785 1924 de
813 1865 980 1926 valetudine
1007 1883 1081 1925 mea.

58 1955 101 2017 th
125 1973 213 2016 anno
239 1952 352 2015 Christi
373 1952 483 2014 MDLV.
511 1971 663 2032 uunquam
696 1962 799 2032 postea
826 1957 989 2035 aegrotavi,
1022 1956 1081 2014 nisi

13 2102 22 2119 ,
60 2043 166 2126 semel,
189 2061 246 2123 per
268 2042 411 2123 triduum,
433 2060 536 2103 mense
560 2041 637 2103 Maio
661 2060 738 2103 anno
761 2042 924 2123 MDLXIX,
947 2042 1081 2102 Genevae

62 2152 129 2194 cum
157 2124 385 2212 habitarem²¹⁶,
414 2131 498 2192 lehre
530 2139 665 2213 vexatus,
698 2150 786 2211 quam
819 2149 1013 2211 conceperam
1027 2149 1081 2213 ,ex

64 2221 163 2283 subita
186 2220 397 2302 admiratione,
425 2239 493 2282 cum
515 2220 645 2300 puellam
668 2220 798 2282 nobilem
822 2219 932 2281 Gallam
957 2238 1081 2299 eamque
1135 2260 1158 2283 .-

67 2311 325 2390 lormosissimam,
353 2311 385 2369 in
414 2309 537 2370 aedibus
563 2310 687 2371 ilenrici
711 2304 912 2390 Stephani¹¹⁷,
944 2309 1018 2369 mihi
1045 2309 1082 2369 ad

67 2402 218 2462 sinistram
232 2397 416 2460 adsidentem
432 2391 681 2482 (conveneramus
695 2401 774 2459 euim
790 2398 901 2478 aliquot
915 2391 1036 2482 musici)
1044 2392 1083 2430 ¹¹⁸

71 2486 274 2566 praesentibus
310 2487 530 2548 honestissimis
571 2484 714 2550 matronis
756 2506 916 2567 earumque
959 2489 1083 2569 maritis,

71 2571 233 2639 briandi¹¹⁹
271 2579 423 2637 cantiones
456 2575 582 2638 Gallicas
619 2596 732 2638 summa
770 2595 838 2637 cum
876 2580 1018 2639 suavitate
1054 2586 1083 2638 et

73 2669 144 2728 vocis
163 2665 322 2746 elegantia,
344 2665 504 2748 testudine,
524 2685 612 2746 quam
631 2665 803 2746 increpabat
823 2665 933 2747 digitis,
957 2666 1083 2747 admota,

73 2754 269 2816 modulantem
282 2761 552 2836 personautcmque
571 2747 759 2818 audivissem.
786 2754 927 2816 Movisset
945 2754 1004 2835 illa,
1023 2757 1083 2815 imo

74 2846 264 2921 permovisset
301 2842 465 2905 Caucasum
501 2844 631 2926 aliasque
665 2853 765 2908 cautes
806 2844 900 2906 multo
937 2843 1083 2922 duriores,

74 2932 174 2995 nedum
198 2932 362 2994 Melissum.
408 2933 451 2993 hd
475 2933 546 3013 quid
569 2935 642 2994 haec
665 2931 792 2996 narras?
815 2935 942 3013 inquies.
984 2931 1022 2992 Ut
1046 2931 1081 2992 de

75 3030 209 3102 perpetua
233 3021 345 3101 ahoqui
368 3021 570 3084 incolumitate
590 3042 657 3084 cum
676 3027 767 3084 animi
784 3031 848 3085 tum
868 3022 1003 3100 corporis
1023 3024 1084 3081 mei

74 3109 257 3173 tibiconstet.
280 3111 494 3191 'temperantes
504 3130 607 3173 sumus
617 3119 647 3172 et
658 3112 750 3173 sobrii
760 3112 908 3191 iidemque
919 3128 1082 3171 manemus.

75 3195 263 3281 Utinam'pro
286 3207 317 3261 te
340 3207 443 3261 votum
470 3201 568 3262 lacere
591 3219 724 3282 possem,
755 3199 987 3280 Baumgartuere
1012 3219 1083 3280 pru·
1150 3239 1158 3257 .

75 3286 256 3372 tentissime,
284 3290 414 3350 lacerem
441 3291 544 3369 utique
572 3308 766 3369 rogaremque
794 3289 888 3350 Deum
915 3297 974 3370 opt.
999 3308 1084 3369 max,

76 3383 104 3437 ut
133 3381 159 3440 si
196 3396 258 3440 non
291 3380 412 3439 omnino
443 3378 577 3459 tolleret,
614 3377 717 3439 saltem
750 3396 786 3438 ex
818 3386 902 3458 parte
935 3381 1084 3457 mitigaret

75 3463 185 3529 dolores
218 3466 286 3529 illos
317 3467 444 3547 pedihus
476 3471 536 3530 tuis
567 3468 786 3528 infestissimos.
836 3468 922 3530 Nosti
954 3470 1085 3528 animum
