2400 3966
445 109 466 164 l.
486 107 598 163 Gruieri
615 107 752 178 epistolae
1066 107 1106 172 31

127 306 179 378 26.
213 307 325 378 Ianus
350 305 512 376 Gruterus
536 306 684 376 Conrado
707 307 929 377 Rittersliusio
954 306 1060 375 amico
1152 280 1155 289 ¹

393 397 533 465 salutem
556 397 590 464 ei
612 394 811 467 anoren¹²⁶.

84 520 364 590 Heidelbergae.
887 524 930 573 21.
949 518 1007 572 Ian.
1029 523 1107 573 1593.

145 617 268 690 Quidni
293 618 377 677 enim
401 623 431 676 et
452 610 577 677 hunc¹²⁷
599 616 741 677 redonem
765 617 887 676 amanti:
911 622 941 676 et
963 633 1042 695 vero,
1065 605 1111 674 vir

84 707 266 788 clarissime,
290 705 394 766 literas
417 713 483 766 tuas
505 704 565 784 legi
587 704 707 785 lubens,
734 703 867 765 intellexi
889 704 1111 786 lubentissime3

83 815 134 859 nec
158 799 336 877 qiiicquam
359 801 405 855 est
429 794 508 872 quod
528 796 624 873 magis
648 811 769 854 voveam
797 812 884 873 quam
912 793 968 854 tibi
991 795 1110 872 tuisque

83 885 239 948 similibus
262 884 295 944 h.
315 901 341 944 e.
364 885 484 944 virtutis
507 882 719 962 doctrinaeque
742 882 890 963 politioris
909 885 1022 943 ornatis
1040 902 1111 962 pur-

82 994 155 1057 pura
177 978 382 1036 innotescere
406 980 494 1052 atque
517 972 589 1033 adeo
618 991 799 1034 assuescere.
845 971 946 1051 ltaque
974 974 1112 1033 sitienter

83 1064 248 1145 amplexus
273 1079 343 1122 sum
365 1061 589 1122 benevolentiae
611 1062 664 1122 has
687 1069 756 1123 tuae
784 1080 844 1122 non
867 1061 1004 1140 vulgares
1027 1068 1111 1121 notas

45 1214 47 1239 Ι
83 1153 202 1234 tibique
229 1150 503 1213 redhostimentum
526 1154 668 1231 promitto
695 1151 752 1212 tide
776 1151 863 1230 plane
886 1149 1025 1210 Romana.
1070 1150 1111 1210 De

45 1262 47 1267 ·
82 1245 186 1305 ieiuno
209 1242 350 1303 carmine
374 1240 452 1320 qnod
476 1242 585 1320 gratias
609 1243 681 1321 agis,
704 1239 841 1319 indulges
865 1240 991 1299 affectui.
1037 1237 1111 1297 Nam

84 1350 138 1412 ego
161 1330 254 1412 qnod
278 1328 424 1391 debebam
444 1329 515 1412 cibi,
543 1329 623 1410 quod
650 1328 785 1389 volebam
812 1346 872 1388 non
894 1329 986 1407 potui.
1034 1328 1111 1387 Satis

84 1421 160 1483 hene
185 1437 316 1482 mecum
340 1425 437 1480 actum
460 1419 574 1500 fuisset,
597 1421 623 1479 si
647 1417 739 1478 semel
762 1417 887 1497 legisses
906 1425 936 1478 et
954 1416 1061 1478 deinde
1080 1418 1112 1476 in

85 1514 198 1590 ignem.
240 1507 303 1569 Sed
322 1525 377 1569 nec
401 1514 446 1568 est
467 1515 623 1588 praeterea
646 1506 725 1587 quod
748 1524 888 1585 magnum
910 1506 967 1567 tihi
989 1507 1026 1568 de
1042 1554 1048 1568 .
1064 1500 1110 1590 a)

88 1602 146 1661 isto
168 1597 350 1679 pollicearis
373 1599 452 1658 circa
474 1596 671 1658 litteraturam
694 1595 859 1677 meliorem,
882 1615 950 1657 cum
970 1597 1112 1676 quicquid

45 1712 48 1721 ·
87 1691 118 1750 in
147 1707 201 1750 me
226 1687 328 1767 potuit
350 1704 417 1746 esse
440 1687 565 1767 vigoris,
592 1685 622 1745 id
651 1688 710 1745 iam
738 1685 908 1746 decennalis
936 1685 998 1746 iere
1026 1704 1112 1765 pere-

45 1802 48 1857 ς
91 1768 310 1858 grinatione¹²⁸
333 1793 370 1835 an
393 1777 512 1836 iactatio
532 1775 691 1836 decoxerit.
728 1775 855 1836 Tantum
874 1774 1037 1854 approbare
1056 1774 1112 1835 tibi

45 1862 48 1891 ¹
91 1883 219 1946 possum
252 1881 305 1925 cor
337 1865 402 1924 sine
434 1864 516 1946 luco,
548 1867 613 1925 sine
645 1863 712 1923 dolo
746 1863 884 1943 quodque
917 1863 994 1925 diota
1027 1865 1112 1925 factis

93 1955 269 2035 honestare,
302 1971 360 2032 qna
392 1952 463 2014 licet
493 1972 548 2033 per
576 1953 711 2013 fortunae
743 1955 931 2014 novercantis
960 1972 1035 2031 quae
1065 1972 1112 2013 me

93 2043 238 2105 hactenus
268 2041 490 2103 circumvallant
512 2042 629 2103 hamata
651 2041 718 2102 tela.
769 2041 811 2102 lle
835 2042 962 2102 adventu
985 2059 1052 2100 meo
1077 2042 1112 2100 ad

98 2126 192 2193 vos¹'⁹
220 2149 283 2192 non
311 2137 358 2192 est
386 2134 529 2193 mentitus
553 2129 679 2191 Gentilis
707 2122 866 2211 noster'1³⁰;
900 2130 952 2190 sed
979 2148 1039 2189 non
1068 2137 1114 2190 est

99 2231 210 2304 umen,
238 2219 320 2301 quod
348 2237 383 2280 ea
409 2239 457 2281 me
485 2221 555 2282 beet
577 2237 666 2299 quam
694 2219 757 2280 iere
780 2221 955 2280 devoveram
979 2218 1112 2279 felicitas.

103 2310 203 2391 Accipe
230 2311 372 2371 rationes.
418 2310 479 2371 lam
506 2311 633 2370 maxime
662 2306 776 2369 laborat
804 2303 1050 2370 commelinus¹³1
1081 2310 1113 2367 in

105 2399 280 2461 excudendis
298 2399 375 2459 meis
394 2399 430 2460 ad
445 2400 588 2460 Senecam
608 2391 958 2459 animadversionibus¹³²
981 2397 1113 2475 adeoque

106 2486 130 2547 id
148 2490 261 2550 crescit
284 2504 360 2566 opus
384 2487 439 2548 sub
463 2507 561 2570 manu,
583 2495 618 2549 ut
640 2489 731 2548 linem
754 2486 886 2547 nondum
906 2486 1045 2547 evolvam}
1077 2486 1114 2546 At

108 2578 254 2639 recolere
279 2583 339 2658 est,
366 2584 400 2637 ut
423 2596 492 2638 vere
522 2579 658 2657 proximo
686 2576 722 2636 ad
745 2574 869 2636 Batavos
893 2595 941 2638 me
965 2577 1115 2637 conferam

110 2674 217 2728 vocatus
242 2665 305 2726 illic
328 2666 477 2745 stipendio
501 2669 573 2728 satis
593 2658 772 2728 honesto²⁸⁸.
809 2664 946 2727 Dicerem
966 2674 1047 2727 certo
1066 2684 1113 2725 me

111 2752 258 2838 abiturum,
289 2756 350 2815 nisi
383 2755 461 2833 quod
488 2755 538 2817 hic
561 2758 593 2816 in
617 2755 683 2817 aula
710 2761 848 2834 potentes
878 2749 1030 2837 favori**)
1060 2772 1113 2814 suo

112 2844 223 2906 nmium
256 2843 447 2923 indulgentes
479 2845 555 2905 hanc
587 2862 707 2924 operam
739 2862 836 2905 meam
864 2844 923 2904 sibi
950 2846 1114 2923 impensam

113 2933 219 2995 nollent
243 2951 333 3013 quam
355 2936 477 3012 patriae.
523 2933 631 2995 Verum
659 2951 714 2993 nec
742 2936 766 2994 ii
793 2933 906 3012 aliquid
930 2934 1018 3012 certi,
1046 2932 1115 3009 quia

114 3037 168 3082 cum
193 3040 300 3084 novam
327 3023 402 3084 mihi
432 3022 594 3084 decernere
622 3020 713 3082 velint
739 3024 936 3102 provinciam,
968 3038 1043 3100 opus
1071 3027 1116 3080 est

114 3105 212 3173 homini
240 3110 377 3173 famelico
406 3112 485 3191 quod
513 3118 631 3193 pappet.
676 3111 712 3171 tt
736 3111 772 3172 de
797 3117 963 3173 commeatu
991 3111 1043 3170 isti
1066 3129 1115 3189 ap-

172 3337 197 3406 *)
215 3337 343 3394 Verbum
362 3337 478 3394 circaX
497 3337 658 3394 litterarum
673 3336 766 3393 scriba
785 3335 889 3407 omisit,
909 3336 1023 3408 quihus
1042 3292 1118 3390 litte·

114 3413 152 3457 1t⁸
167 3407 353 3478 transcripsit.

161 3477 200 3550 *')
217 3478 285 3536 eod.
302 3480 404 3549 favore.
492 3477 495 3480 ’
