2400 3966
90 127 148 192 '1'8
387 127 537 198 Epistolae'
553 127 590 182 ad
607 126 652 184 W.
671 127 830 182 Maurorum

106 287 281 359 praeceptor
309 284 339 338 et
361 279 468 358 amice,
500 284 533 337 ut
560 283 610 337 tua
643 279 733 338 etiam
761 277 971 355 suffragatione
1003 276 1123 338 adluves

106 368 281 446 petitionem
296 367 392 427 affinis
406 369 466 426 mei
484 365 520 427 M.
541 365 679 445 Casparis
693 358 944 446 langermanni⁷⁷,
967 367 1048 426 utin
1067 364 1123 426 col-

106 455 218 534 legium
231 463 364 518 vestrum
379 461 542 537 cooptetur,
562 473 630 516 cum
643 455 787 516 beneficia
802 455 969 515 academiae
989 462 1123 534 expectet

107 547 139 605 iu
158 563 251 606 annos
264 544 364 627 XVIII,
383 544 473 624 idque
492 551 523 605 et
536 551 659 624 propter
676 562 814 605 socerum
828 551 858 605 et
876 542 1018 604 familiam
1037 543 1123 605 huius

108 641 138 694 et
156 638 217 696 mci
231 636 329 695 etiam
353 632 451 713 aliquo
471 639 609 712 respectu
632 640 666 694 ut
688 634 788 715 facias,
812 635 900 693 etiam
924 640 1012 712 atque
1037 635 1123 694 etiam

110 740 171 784 oro.
219 724 269 785 Sic
291 741 339 783 me
362 721 418 783 tibi
441 722 696 783 devinctissimum
720 724 813 801 magis
837 720 992 803 obligabis,
1016 730 1047 782 et
1072 722 1123 782 tibi

108 818 138 873 et
166 813 394 873 honestissimae
423 811 550 872 familiae
580 818 647 872 tuae
677 814 775 872 omnia
805 810 901 871 ostiola
929 829 996 871 mea
1025 829 1123 891 repro·

106 903 201 962 mitto.
248 899 325 961 Vale.

135 1024 251 1086 uun.
274 1023 357 1085 uara.
688 1024 720 1085 r.
744 997 818 1086 usin
842 1024 1082 1105 nuarngerus.

326 1301 376 1373 II.
413 1303 476 1373 Ad.
501 1275 633 1372 Siberus
658 1304 711 1371 W.
735 1277 897 1374 Ilourero.

107 1429 156 1482 Ex
175 1424 492 1513 ludoGrimmensi.
905 1431 947 1481 15.
966 1426 1027 1481 Iun.
1050 1432 1123 1484 1555

175 1584 210 1604 ..
234 1539 305 1600 Dno.
338 1537 518 1617 Vuolfgango
550 1538 707 1600 Meurhero
739 1540 904 1600 mediciuae
937 1540 1055 1600 doctori
1088 1589 1095 1602 .

108 1629 160 1690 16.
181 1621 408 1689 Jonrr1555⁷⁸.

177 1735 205 1796 S.
226 1731 397 1796 Clarissimo
409 1730 448 1793 Ἰ).
468 1733 571 1816 doctor
594 1741 625 1795 et
647 1736 741 1795 amIce
763 1735 851 1795 nobis
873 1735 976 1796 multis
999 1739 1123 1797 nomini·

85 1825 167 1886 ‘bus
191 1823 321 1885 colende.
359 1822 421 1882 'Est
443 1824 475 1882 in
502 1821 572 1883 ludo
599 1831 702 1884 nostro
731 1823 904 1885 adolescens
931 1826 1038 1903 vigInti
1067 1827 1123 1887 lert

110 1927 264 1975 annorum.
309 1911 338 1972 ls
371 1913 471 1991 specle
505 1913 630 1991 quadam
661 1911 880 1994 μελαγχολίας
909 1913 1027 1974 videtur
1063 1933 1123 1976 cor·

109 2010 221 2083 reptus.
265 2000 342 2062 Nam
365 2008 395 2061 et
418 2000 514 2062 aliena
541 2000 674 2082 loquitur
701 2009 731 2063 et
749 2002 891 2063 'tristibus
918 2004 1041 2063 interim
1067 2007 1123 2084 agi·

108 2091 271 2154 tationlbus
285 2109 383 2152 'vanas
406 2092 550 2170 imagines
574 2093 712 2171 conprlt.
746 2091 788 2152 'Et
811 2108 956 2173 veremur,
979 2110 1017 2152 ne
1037 2111 1123 2174 auge·

110 2188 210 2243 scente
234 2180 340 2243 morbo
363 2179 450 2260 plane
469 2189 569 2241 mente
587 2187 748 2242 moveatur.
776 2180 872 2242 Noctu
891 2199 996 2260 parum
1016 2181 1123 2243 dormit

88 2278 140 2332 >et
168 2276 271 2332 contra
297 2277 450 2351 naturam,
482 2288 540 2349 qua
568 2276 653 2331 antea
681 2271 738 2330 luit
765 2272 845 2330 tristi
873 2288 1005 2351 semper,
1036 2289 1123 2354 nunc

109 2362 136 2421 si
159 2379 228 2421 cum
251 2378 287 2420 eo
311 2362 378 2439 quis
403 2376 571 2420 sermonem
583 2357 704 2439 babeat,
728 2367 850 2438 apparet
867 2358 998 2419 hilarior.
1031 2358 1123 2420 Inter·

110 2450 181 2524 dum
205 2449 242 2509 de
264 2449 509 2528 praecordiorum
532 2445 632 2507 dolore
653 2450 847 2526 conquerItur
866 2454 896 2508 et
913 2467 930 2508 a
949 2447 1015 2508 cibo
1035 2448 1123 2509 lebri-

111 2536 176 2598 cula
200 2555 413 2616 nonnunquam
431 2542 571 2596 tentatur.
608 2534 689 2605 Quae
713 2554 781 2597 oum
804 2539 845 2596 ita
869 2539 937 2618 sint,
962 2544 1026 2597 orat
1045 2545 1123 2598 tuam

88 2661 92 2669 ·
110 2626 324 2691 humanitatem
343 2643 523 2688 oeconomus
539 2618 680 2685 -nosterli
703 2631 734 2685 et
756 2643 828 2705 rogo
853 2628 917 2705 ipse
942 2644 1070 2707 quoque,
1094 2634 1123 2688 ut

109 2734 164 2794 pro
179 2722 230 2776 tua
245 2713 389 2795 singulari
403 2714 571 2775 eruditione
586 2720 616 2774 et
624 2713 782 2792 prudentia
797 2715 933 2776 consulas
943 2717 975 2775 in
985 2716 1123 2797 medium,

38 2840 41 2845 ·
110 2799 238 2884 quanam
266 2806 381 2865 ratione
409 2805 610 2881 integrilatem
633 2801 810 2864 valetudInis
841 2803 1013 2864 adolescens
1038 2813 1123 2883 queat

109 2896 254 2973 recipere.
300 2892 341 2953 Ea
364 2894 396 2952 in
419 2909 452 2951 re
480 2890 565 2951 dabis
592 2889 678 2952 nobis
706 2911 846 2971 magnum
873 2893 1066 2974 beneficium,
1098 2900 1123 2954 et

109 2989 144 3043 ut
168 3000 233 3043 sese
258 2989 372 3061 gratum
392 2979 448 3041 tibi
466 2979 607 3058 praebeat
625 2998 813 3063 oeconomus,
836 2981 972 3042 dabimus
996 3001 1123 3061 operam.

92 3069 191 3131 ¹Rene
215 3070 278 3131 vale
302 3071 332 3131 ct
354 3078 422 3130 tuos
446 3063 566 3129 noiniue
589 3075 691 3129 nostro
715 3070 818 3130 saluta.
901 3057 908 3072 ’

116 3168 120 3275 ζ
145 3169 196 3235 'Ex
220 3174 290 3236 ludo
314 3174 423 3236 illustri
447 3174 678 3258 Grimmensi,
705 3176 791 3238 XVII.
811 3175 870 3237 Cal.
890 3175 942 3236 lul.
962 3176 1091 3242 IIIILV.

747 3301 900 3361 Adamus
924 3300 1083 3363 Siberus.
