2400 3966
529 161 667 234 epistolae
1061 165 1103 230 75

93 316 180 378 nodum
202 318 347 396 instant,
370 321 409 375 ut
429 311 643 394 [ascriptiones
666 322 784 376 nostras
807 315 942 376 dedicem
967 314 994 375 S.
1019 313 1102 376 Caes.

91 400 164 468 111351.
210 407 263 467 An
300 403 341 464 id
376 402 533 464 commode
566 403 631 464 fieri
663 411 764 484 queat,
796 406 863 465 istis
895 403 1018 464 consulo
1048 402 1102 465 Du.

90 495 241 576 ludorum,
274 496 308 555 si
341 494 489 573 suaserit,
516 491 547 553 id
575 495 664 554 etiam
692 493 837 574 facturus,
865 496 891 555 si
917 493 1103 573 dissuaserit,

87 604 132 646 1011
171 585 238 646 Sed
265 590 303 645 et
331 581 447 643 alteras
470 599 580 661 quaeso
602 582 649 643 lac
671 581 778 643 habeat
800 582 853 642 Dn.
877 574 1103 662 Reusnerus³⁶⁰,

87 677 134 735 tem
152 678 179 736 si
203 681 317 755 potes,
342 678 382 733 ut
404 670 591 749 respondeat
627 671 742 732 Petitur
762 671 950 750 Epigramma
973 673 1004 730 iu
1028 689 1102 750 opus

85 772 209 845 usuum,
241 761 339 843 quod
369 759 452 821 idem
480 766 603 838 expecto
628 759 665 820 ab
687 760 759 820 Dno.
784 759 903 841 Gentili,
927 777 1014 839 quem
1039 760 1103 820 olli·

85 856 140 914 ciosc
164 853 287 915 saluto.
340 847 446 910 Valetc
474 850 506 908 in
532 848 610 910 huuc
639 857 813 929 sequentem
841 868 951 910 anuum
977 857 1006 910 et
1030 849 1103 911 alios

83 941 216 1024 plurimos,
243 941 349 1002 amici
374 939 484 1017 magni.

110 1047 408 1126 Heidelbergae,
431 1042 556 1104 XXVlll.
580 1042 647 1104 Dec.
673 1040 768 1106 1601.

618 1150 723 1212 Vester
745 1151 850 1212 lanus
874 1152 1058 1215 Gruterus.

355 1357 407 1428 58.
439 1359 466 1428 l.
489 1358 647 1429 Gruterus
671 1360 840 1449 (11101110.

82 1469 351 1538 Heidelbergee.
874 1472 914 1521 10.
934 1465 1004 1520 Maii
1024 1472 1102 1522 1606.

136 1583 291 1663 Ampliss.
325 1579 572 1660 nobilissimoque
604 1584 668 1642 1110
700 1580 771 1641 Dno.
803 1580 929 1659 Georgio
957 1574 1104 1664 Remo³⁶¹,

82 1672 140 1733 lC.
159 1679 193 1733 et
212 1669 400 1732 Consiliario
415 1667 533 1750 Norico,
551 1669 623 1732 Dno.
643 1677 672 1731 01
691 1672 784 1730 amico
805 1670 866 1730 obs.
881 1668 1102 1750 Norimbergae.

140 1759 349 1822 Nobilissime
373 1759 427 1838 vir,
450 1761 543 1820 amice
566 1759 604 1840 pl.
630 1757 824 1820 observande!

141 1849 241 1911 Valde
266 1847 382 1926 gaudeo
400 1846 454 1908 Du
478 1867 494 1908 a
513 1847 659 1910 Creutzeu
678 1856 708 1909 et
726 1847 757 1908 D.
777 1867 794 1908 0
812 1846 931 1908 Schenk
950 1852 1102 1928 aperuisse

83 1942 155 2000 riam
184 1936 384 2016 colloquendi
409 1938 489 1997 inter
515 1955 570 1998 nos
597 1956 651 2017 per
678 1937 787 1997 literas.
832 1936 884 1997 Eis
912 1938 970 1998 1001
999 1946 1028 1998 01
1053 1946 1103 1999 tua

82 2047 170 2089 causa
194 2034 230 2087 01
252 2027 402 2106 ipsorum
430 2044 504 2105 quae
530 2026 674 2087 volebant.
719 2026 812 2086 Immo
835 2044 941 2104 passus
965 2046 1032 2088 sum
1055 2047 1103 2088 me

84 2117 222 2196 pertrahi
249 2114 287 2176 ad
314 2114 485 2196 prandium,
512 2115 565 2176 ubi
587 2115 673 2176 multi
696 2123 781 2175 010111
803 2122 957 2193 praeterea
980 2118 1103 2176 iuvenes

85 2205 202 2267 nobiles
227 2203 424 2264 abiturientes
446 2204 619 2282 Tuhingam.
662 2203 744 2263 Hanc
768 2206 961 2282 scriptionem
983 2205 1103 2282 potissi-

86 2313 167 2356 mum
193 2295 334 2373 instituo,
357 2294 402 2353 uti
424 2310 526 2371 rogem
549 2300 615 2353 tuas
638 2292 750 2373 MusaS,
779 2292 938 2371 dignentur
963 2292 1102 2354 derorare

85 2387 163 2445 iusto
194 2381 331 2463 epicedio
360 2380 493 2460 Lipsium
521 2376 709 2441 nostrum³⁶².
756 2381 831 2441 Sunt
858 2382 938 2440 enim
967 2380 1103 2443 homines

87 2472 209 2553 quidam
237 2470 427 2549 Antverpiae,
458 2470 565 2549 quibus
596 2471 748 2531 decretum
776 2469 934 2530 extrudere
962 2470 1104 2532 nundinis

87 2559 311 2623 autumnalibus
321 2558 443 2619 Librum
455 2552 711 2640 Lacrimarum³⁶⁴,
725 2559 832 2619 honori
846 2565 877 2619 01
890 2561 985 2620 0111011
999 2561 1103 2622 0111100
1125 2610 1126 2614 ,

87 2650 130 2711 illi
156 2667 276 2729 magno.
324 2647 398 2708 Cum
425 2655 525 2709 autem
552 2668 568 2708 0
595 2667 643 2708 me
672 2650 827 2730 petierint,
859 2667 920 2710 non
948 2649 1044 2710 solum
1072 2659 1105 2712 ut

88 2737 253 2819 symbolam
281 2754 378 2798 meam
405 2739 434 2797 01
461 2756 515 2816 pro
544 2738 640 2798 officio
669 2738 849 2819 conferrem,
882 2739 935 2800 sed
963 2746 993 2799 01
1022 2740 1104 2821 alios,

88 2828 197 2908 quibus
224 2825 307 2887 nihil
338 2843 398 2885 non
428 2826 551 2887 indulsit
578 2826 681 2906 Apollo
709 2834 740 2887 01
767 2826 982 2888 Orchomeniae
1010 2828 1104 2909 divae,

89 2920 246 2980 incitarem
269 2913 510 2994 exambiremque
534 2916 570 2974 ad
595 2915 691 2976 simile
716 2917 796 2996 quid,
820 2923 852 2976 tu
873 2917 946 2976 mihi
966 2918 1104 2994 inprimis

89 3006 264 3086 occurehas,
287 3005 330 3064 mi
353 3002 485 3085 Domine,
509 3011 612 3083 utpote
636 3007 714 3065 inter
737 3003 911 3065 Germaniae
935 2997 1016 3063 ¹vates
1039 3010 1104 3064 tan-

89 3103 150 3156 tum
167 3113 229 3156 non
249 3087 483 3176 coryphaeus.*)
520 3094 621 3172 ltaque
641 3113 701 3154 non
715 3094 822 3174 deeris,
841 3092 886 3152 vel
901 3094 1104 3153 communium

89 3184 257 3246 studiorum
290 3199 393 3262 causa,
424 3190 485 3243 tam
517 3186 580 3243 cari
611 3185 717 3262 eapitis
749 3183 891 3260 exequiis.
939 3180 1006 3241 Soio
1035 3199 1103 3240 eum

90 3275 183 3334 virum
210 3273 324 3350 frigere
352 3271 429 3350 apud
453 3271 561 3333 multos
586 3272 622 3331 ob
647 3272 800 3350 religionis
824 3263 1104 3330 inconstantiam³⁶⁵.

91 3391 304 3404 .—.,-,.......-

154 3464 181 3535 *)
205 3461 299 3518 Linea
332 3459 470 3514 subducta
499 3460 601 3515 Romus
630 3458 753 3528 margini
780 3459 907 3514 modeste
936 3453 1099 3523 adscripsit:

91 3532 157 3590 ‘ima
175 3549 245 3590 0010
262 3530 421 3585 locandus'.
