<?xml version="1.0" encoding="UTF-8"?>
<!DOCTYPE html PUBLIC "-//W3C//DTD XHTML 1.0 Transitional//EN"
    "http://www.w3.org/TR/xhtml1/DTD/xhtml1-transitional.dtd">
<html xmlns="http://www.w3.org/1999/xhtml" xml:lang="en" lang="en">
 <head>
  <title>
</title>
<meta http-equiv="Content-Type" content="text/html;charset=utf-8" />
  <meta name='ocr-system' content='tesseract 3.04.00' />
  <meta name='ocr-capabilities' content='ocr_page ocr_carea ocr_par ocr_line ocrx_word'/>
</head>
<body>
  <div class='ocr_page' id='page_1' title='image "./virorumclarorum00thedgoog_0051.png"; bbox 0 0 2422 3944; ppageno 0'>
   <div class='ocr_carea' id='block_1_1' title="bbox 135 185 715 252">
    <p class='ocr_par' dir='ltr' id='par_1_1' title="bbox 135 185 715 252">
     <span class='ocr_line' id='line_1_1' title="bbox 135 185 715 252; baseline -0.009 -3"><span class='ocrx_word' id='word_1_1' title='bbox 135 185 178 251; x_wconf 75' lang='grc'>32</span> <span class='ocrx_word' id='word_1_2' title='bbox 298 241 304 252; x_wconf 93' lang='grc'>,</span> <span class='ocrx_word' id='word_1_3' title='bbox 562 188 582 242; x_wconf 93' lang='grc' dir='ltr'>Ι.</span> <span class='ocrx_word' id='word_1_4' title='bbox 602 186 715 244; x_wconf 75' lang='lat' dir='ltr'>Gruteri</span> 
     </span>
    </p>
   </div>
   <div class='ocr_carea' id='block_1_2' title="bbox 136 337 1154 509">
    <p class='ocr_par' dir='ltr' id='par_1_2' title="bbox 136 337 1154 509">
     <span class='ocr_line' id='line_1_2' title="bbox 136 337 1153 420; baseline 0.003 -22"><span class='ocrx_word' id='word_1_5' title='bbox 136 345 301 418; x_wconf 89' lang='lat' dir='ltr'>paratuque</span> <span class='ocrx_word' id='word_1_6' title='bbox 325 356 383 398; x_wconf 92' lang='lat' dir='ltr'>non</span> <span class='ocrx_word' id='word_1_7' title='bbox 416 337 489 398; x_wconf 90' lang='lat' dir='ltr'>adeo</span> <span class='ocrx_word' id='word_1_8' title='bbox 518 340 657 399; x_wconf 79' lang='lat' dir='ltr'><strong>instructi</strong></span> <span class='ocrx_word' id='word_1_9' title='bbox 686 356 722 399; x_wconf 85' lang='lat' dir='ltr'>ex</span> <span class='ocrx_word' id='word_1_10' title='bbox 746 345 827 418; x_wconf 84' lang='lat' dir='ltr'>roto,</span> <span class='ocrx_word' id='word_1_11' title='bbox 855 340 945 400; x_wconf 93' lang='lat' dir='ltr'>arctis</span> <span class='ocrx_word' id='word_1_12' title='bbox 967 337 1016 400; x_wconf 87' lang='lat' dir='ltr'>his</span> <span class='ocrx_word' id='word_1_13' title='bbox 1041 346 1153 420; x_wconf 83' lang='lat' dir='ltr'>tempo</span> 
     </span>
     <span class='ocr_line' id='line_1_3' title="bbox 136 426 1154 509; baseline 0.003 -21"><span class='ocrx_word' id='word_1_14' title='bbox 136 428 229 496; x_wconf 91' lang='lat' dir='ltr'>ribus.</span> <span class='ocrx_word' id='word_1_15' title='bbox 276 426 333 488; x_wconf 86' lang='lat' dir='ltr'>Sed</span> <span class='ocrx_word' id='word_1_16' title='bbox 356 427 447 509; x_wconf 85' lang='lat' dir='ltr'>benc,</span> <span class='ocrx_word' id='word_1_17' title='bbox 475 426 553 507; x_wconf 90' lang='lat' dir='ltr'>quod</span> <span class='ocrx_word' id='word_1_18' title='bbox 581 426 652 488; x_wconf 90' lang='lat' dir='ltr'>licet</span> <span class='ocrx_word' id='word_1_19' title='bbox 680 426 798 506; x_wconf 84' lang='lat' dir='ltr'>longius</span> <span class='ocrx_word' id='word_1_20' title='bbox 827 426 939 508; x_wconf 82' lang='lat' dir='ltr'>dissiti,</span> <span class='ocrx_word' id='word_1_21' title='bbox 965 429 1032 488; x_wconf 80' lang='lat' dir='ltr'>reri</span> <span class='ocrx_word' id='word_1_22' title='bbox 1055 435 1154 491; x_wconf 77' lang='lat' dir='ltr'>tamen</span> 
     </span>
    </p>
   </div>
   <div class='ocr_carea' id='block_1_3' title="bbox 28 515 1155 597">
    <p class='ocr_par' dir='ltr' id='par_1_3' title="bbox 28 515 1155 597">
     <span class='ocr_line' id='line_1_4' title="bbox 28 515 1155 597; baseline 0.001 -20"><span class='ocrx_word' id='word_1_23' title='bbox 28 589 32 597; x_wconf 28' lang='lat'><strong>¹</strong></span> <span class='ocrx_word' id='word_1_24' title='bbox 137 519 284 577; x_wconf 88' lang='lat' dir='ltr'>sermonis</span> <span class='ocrx_word' id='word_1_25' title='bbox 307 518 467 596; x_wconf 83' lang='lat' dir='ltr'>imaginem</span> <span class='ocrx_word' id='word_1_26' title='bbox 489 524 715 596; x_wconf 88' lang='lat' dir='ltr'>repraesentare</span> <span class='ocrx_word' id='word_1_27' title='bbox 746 515 847 576; x_wconf 81' lang='lat' dir='ltr'>licebit</span> <span class='ocrx_word' id='word_1_28' title='bbox 871 515 1006 595; x_wconf 85' lang='lat' dir='ltr'>epistolis</span> <span class='ocrx_word' id='word_1_29' title='bbox 1030 516 1155 579; x_wconf 79' lang='lat' dir='ltr'>familia·</span> 
     </span>
    </p>
   </div>
   <div class='ocr_carea' id='block_1_4' title="bbox 68 604 1159 1556">
    <p class='ocr_par' dir='ltr' id='par_1_4' title="bbox 68 604 1159 1556">
     <span class='ocr_line' id='line_1_5' title="bbox 136 604 1156 689; baseline 0.003 -23"><span class='ocrx_word' id='word_1_30' title='bbox 136 609 211 666; x_wconf 88' lang='lat' dir='ltr'>riter</span> <span class='ocrx_word' id='word_1_31' title='bbox 243 608 371 687; x_wconf 91' lang='lat' dir='ltr'>scriptis.</span> <span class='ocrx_word' id='word_1_32' title='bbox 426 604 488 684; x_wconf 84' lang='lat' dir='ltr'>Ego</span> <span class='ocrx_word' id='word_1_33' title='bbox 522 612 603 666; x_wconf 91' lang='lat' dir='ltr'>certe</span> <span class='ocrx_word' id='word_1_34' title='bbox 635 607 716 666; x_wconf 87' lang='lat' dir='ltr'>vices</span> <span class='ocrx_word' id='word_1_35' title='bbox 748 623 831 666; x_wconf 92' lang='lat' dir='ltr'>meas</span> <span class='ocrx_word' id='word_1_36' title='bbox 862 604 987 684; x_wconf 82' lang='lat' dir='ltr'><strong>pulchre</strong></span> <span class='ocrx_word' id='word_1_37' title='bbox 1020 606 1156 689; x_wconf 76' lang='lat' dir='ltr'>servabo,</span> 
     </span>
     <span class='ocr_line' id='line_1_6' title="bbox 137 694 1157 775; baseline 0.002 -21"><span class='ocrx_word' id='word_1_38' title='bbox 137 695 280 756; x_wconf 89' lang='lat' dir='ltr'>hactenus</span> <span class='ocrx_word' id='word_1_39' title='bbox 303 701 337 756; x_wconf 92' lang='lat' dir='ltr'>ut</span> <span class='ocrx_word' id='word_1_40' title='bbox 359 694 477 775; x_wconf 90' lang='lat' dir='ltr'>loquar,</span> <span class='ocrx_word' id='word_1_41' title='bbox 504 713 564 756; x_wconf 93' lang='lat' dir='ltr'>non</span> <span class='ocrx_word' id='word_1_42' title='bbox 589 696 677 756; x_wconf 88' lang='lat' dir='ltr'>etiam</span> <span class='ocrx_word' id='word_1_43' title='bbox 701 701 735 756; x_wconf 87' lang='lat' dir='ltr'>ut</span> <span class='ocrx_word' id='word_1_44' title='bbox 757 701 852 774; x_wconf 86' lang='lat' dir='ltr'>recte,</span> <span class='ocrx_word' id='word_1_45' title='bbox 880 700 914 755; x_wconf 93' lang='lat' dir='ltr'>ut</span> <span class='ocrx_word' id='word_1_46' title='bbox 937 701 1052 757; x_wconf 85' lang='lat' dir='ltr'>curate.</span> <span class='ocrx_word' id='word_1_47' title='bbox 1100 695 1157 769; x_wconf 84' lang='lat' dir='ltr'>Qul</span> 
     </span>
     <span class='ocr_line' id='line_1_7' title="bbox 138 779 1157 866; baseline 0.002 -21"><span class='ocrx_word' id='word_1_48' title='bbox 138 787 232 866; x_wconf 91' lang='lat' dir='ltr'>enim,</span> <span class='ocrx_word' id='word_1_49' title='bbox 264 802 388 864; x_wconf 81' lang='lat' dir='ltr'>quaeso,</span> <span class='ocrx_word' id='word_1_50' title='bbox 420 791 480 844; x_wconf 90' lang='lat' dir='ltr'>tam</span> <span class='ocrx_word' id='word_1_51' title='bbox 510 784 612 862; x_wconf 89' lang='lat' dir='ltr'>putide</span> <span class='ocrx_word' id='word_1_52' title='bbox 645 783 680 845; x_wconf 93' lang='lat' dir='ltr'>ad</span> <span class='ocrx_word' id='word_1_53' title='bbox 714 779 848 844; x_wconf 81' lang='lat' dir='ltr'>amicos?</span> <span class='ocrx_word' id='word_1_54' title='bbox 892 783 986 844; x_wconf 93' lang='lat' dir='ltr'>Immo</span> <span class='ocrx_word' id='word_1_55' title='bbox 1014 801 1091 846; x_wconf 86' lang='lat' dir='ltr'>vero</span> <span class='ocrx_word' id='word_1_56' title='bbox 1120 802 1157 847; x_wconf 83' lang='lat' dir='ltr'>no</span> 
     </span>
     <span class='ocr_line' id='line_1_8' title="bbox 136 872 1157 954; baseline 0.002 -20"><span class='ocrx_word' id='word_1_57' title='bbox 136 877 263 954; x_wconf 86' lang='lat' dir='ltr'>nescias,</span> <span class='ocrx_word' id='word_1_58' title='bbox 286 875 328 933; x_wconf 89' lang='lat' dir='ltr'>mi</span> <span class='ocrx_word' id='word_1_59' title='bbox 346 872 536 953; x_wconf 88' lang='lat' dir='ltr'>Rittershusi,</span> <span class='ocrx_word' id='word_1_60' title='bbox 559 875 585 933; x_wconf 92' lang='lat' dir='ltr'>is</span> <span class='ocrx_word' id='word_1_61' title='bbox 604 872 677 932; x_wconf 91' lang='lat' dir='ltr'>mihi</span> <span class='ocrx_word' id='word_1_62' title='bbox 699 890 774 952; x_wconf 91' lang='lat' dir='ltr'>mos,</span> <span class='ocrx_word' id='word_1_63' title='bbox 797 879 830 933; x_wconf 95' lang='lat' dir='ltr'>ut</span> <span class='ocrx_word' id='word_1_64' title='bbox 849 873 970 954; x_wconf 82' lang='lat' dir='ltr'>isthaec,</span> <span class='ocrx_word' id='word_1_65' title='bbox 994 888 1075 952; x_wconf 88' lang='lat' dir='ltr'>quae</span> <span class='ocrx_word' id='word_1_66' title='bbox 1098 892 1157 935; x_wconf 91' lang='lat' dir='ltr'>uno</span> 
     </span>
     <span class='ocr_line' id='line_1_9' title="bbox 68 960 1157 1043; baseline 0.004 -22"><span class='ocrx_word' id='word_1_67' title='bbox 68 1004 74 1013; x_wconf 82' lang='lat'><strong>.</strong></span> <span class='ocrx_word' id='word_1_68' title='bbox 139 968 221 1022; x_wconf 91' lang='lat' dir='ltr'>stans</span> <span class='ocrx_word' id='word_1_69' title='bbox 244 964 275 1021; x_wconf 93' lang='lat' dir='ltr'>in</span> <span class='ocrx_word' id='word_1_70' title='bbox 293 961 369 1041; x_wconf 88' lang='lat' dir='ltr'>pede</span> <span class='ocrx_word' id='word_1_71' title='bbox 392 962 527 1042; x_wconf 88' lang='lat' dir='ltr'>expedio,</span> <span class='ocrx_word' id='word_1_72' title='bbox 550 979 587 1022; x_wconf 92' lang='lat' dir='ltr'>ne</span> <span class='ocrx_word' id='word_1_73' title='bbox 607 960 736 1039; x_wconf 83' lang='lat' dir='ltr'>relegam</span> <span class='ocrx_word' id='word_1_74' title='bbox 756 961 890 1042; x_wconf 73' lang='lat' dir='ltr'>quidem,</span> <span class='ocrx_word' id='word_1_75' title='bbox 913 979 951 1022; x_wconf 91' lang='lat' dir='ltr'>ne</span> <span class='ocrx_word' id='word_1_76' title='bbox 970 960 1050 1024; x_wconf 86' lang='lat' dir='ltr'>lorte</span> <span class='ocrx_word' id='word_1_77' title='bbox 1069 970 1157 1043; x_wconf 79' lang='lat' dir='ltr'>putes</span> 
     </span>
     <span class='ocr_line' id='line_1_10' title="bbox 138 1049 1157 1130; baseline 0.003 -20"><span class='ocrx_word' id='word_1_78' title='bbox 138 1069 185 1111; x_wconf 92' lang='lat' dir='ltr'>me</span> <span class='ocrx_word' id='word_1_79' title='bbox 209 1049 256 1110; x_wconf 89' lang='lat' dir='ltr'>vel</span> <span class='ocrx_word' id='word_1_80' title='bbox 278 1069 356 1111; x_wconf 91' lang='lat' dir='ltr'>nunc</span> <span class='ocrx_word' id='word_1_81' title='bbox 375 1049 421 1109; x_wconf 88' lang='lat' dir='ltr'>vel</span> <span class='ocrx_word' id='word_1_82' title='bbox 444 1049 586 1129; x_wconf 86' lang='lat' dir='ltr'>deinceps</span> <span class='ocrx_word' id='word_1_83' title='bbox 609 1058 819 1110; x_wconf 82' lang='lat' dir='ltr'>excusaturum</span> <span class='ocrx_word' id='word_1_84' title='bbox 844 1067 948 1111; x_wconf 89' lang='lat' dir='ltr'>eorum</span> <span class='ocrx_word' id='word_1_85' title='bbox 966 1049 1157 1130; x_wconf 88' lang='lat' dir='ltr'>impolitiam</span> 
     </span>
     <span class='ocr_line' id='line_1_11' title="bbox 138 1137 1157 1220; baseline 0.004 -23"><span class='ocrx_word' id='word_1_86' title='bbox 138 1138 216 1220; x_wconf 83' lang='lat' dir='ltr'>Vale,</span> <span class='ocrx_word' id='word_1_87' title='bbox 235 1141 280 1199; x_wconf 88' lang='lat' dir='ltr'>vir</span> <span class='ocrx_word' id='word_1_88' title='bbox 299 1139 510 1220; x_wconf 84' lang='lat' dir='ltr'>eruditissime,</span> <span class='ocrx_word' id='word_1_89' title='bbox 530 1146 560 1198; x_wconf 89' lang='lat' dir='ltr'>et</span> <span class='ocrx_word' id='word_1_90' title='bbox 574 1137 697 1199; x_wconf 91' lang='lat' dir='ltr'>salutem</span> <span class='ocrx_word' id='word_1_91' title='bbox 717 1138 876 1218; x_wconf 80' lang='lat' dir='ltr'>plurimam</span> <span class='ocrx_word' id='word_1_92' title='bbox 894 1141 958 1199; x_wconf 90' lang='lat' dir='ltr'>viro</span> <span class='ocrx_word' id='word_1_93' title='bbox 977 1137 1014 1200; x_wconf 88' lang='lat' dir='ltr'>cl</span> <span class='ocrx_word' id='word_1_94' title='bbox 1027 1138 1157 1203; x_wconf 84' lang='lat' dir='ltr'>Domino</span> 
     </span>
     <span class='ocr_line' id='line_1_12' title="bbox 139 1223 1158 1308; baseline 0.004 -20"><span class='ocrx_word' id='word_1_95' title='bbox 139 1227 248 1289; x_wconf 88' lang='lat' dir='ltr'>Gentili</span> <span class='ocrx_word' id='word_1_96' title='bbox 271 1246 409 1289; x_wconf 92' lang='lat' dir='ltr'>necnon</span> <span class='ocrx_word' id='word_1_97' title='bbox 432 1226 464 1288; x_wconf 88' lang='lat' dir='ltr'>D.</span> <span class='ocrx_word' id='word_1_98' title='bbox 489 1223 685 1308; x_wconf 78' lang='lat' dir='ltr'>Taurello¹³⁴,</span> <span class='ocrx_word' id='word_1_99' title='bbox 712 1246 802 1307; x_wconf 91' lang='lat' dir='ltr'>quem</span> <span class='ocrx_word' id='word_1_100' title='bbox 829 1227 900 1288; x_wconf 85' lang='lat' dir='ltr'>lieet</span> <span class='ocrx_word' id='word_1_101' title='bbox 927 1226 963 1288; x_wconf 89' lang='lat' dir='ltr'>de</span> <span class='ocrx_word' id='word_1_102' title='bbox 987 1227 1077 1291; x_wconf 83' lang='lat' dir='ltr'>vultu</span> <span class='ocrx_word' id='word_1_103' title='bbox 1098 1246 1158 1291; x_wconf 89' lang='lat' dir='ltr'>non</span> 
     </span>
     <span class='ocr_line' id='line_1_13' title="bbox 137 1311 1158 1399; baseline 0.005 -25"><span class='ocrx_word' id='word_1_104' title='bbox 137 1317 264 1378; x_wconf 86' lang='lat' dir='ltr'>viderim</span> <span class='ocrx_word' id='word_1_105' title='bbox 300 1335 444 1398; x_wconf 87' lang='lat' dir='ltr'>unquam,</span> <span class='ocrx_word' id='word_1_106' title='bbox 481 1324 510 1378; x_wconf 91' lang='lat' dir='ltr'>at</span> <span class='ocrx_word' id='word_1_107' title='bbox 543 1336 579 1377; x_wconf 85' lang='lat' dir='ltr'>ex</span> <span class='ocrx_word' id='word_1_108' title='bbox 615 1317 751 1378; x_wconf 92' lang='lat' dir='ltr'>versibus</span> <span class='ocrx_word' id='word_1_109' title='bbox 759 1311 796 1349; x_wconf 77' lang='lat'>¹³⁵</span> <span class='ocrx_word' id='word_1_110' title='bbox 833 1316 931 1377; x_wconf 91' lang='lat' dir='ltr'>iudico</span> <span class='ocrx_word' id='word_1_111' title='bbox 968 1319 1158 1399; x_wconf 84' lang='lat' dir='ltr'>aestimoque</span> 
     </span>
     <span class='ocr_line' id='line_1_14' title="bbox 137 1405 1159 1487; baseline 0.001 -21"><span class='ocrx_word' id='word_1_112' title='bbox 137 1405 288 1467; x_wconf 87' lang='lat' dir='ltr'>hominem</span> <span class='ocrx_word' id='word_1_113' title='bbox 311 1405 441 1487; x_wconf 90' lang='lat' dir='ltr'>doctum,</span> <span class='ocrx_word' id='word_1_114' title='bbox 463 1406 615 1467; x_wconf 90' lang='lat' dir='ltr'>hominem</span> <span class='ocrx_word' id='word_1_115' title='bbox 638 1413 776 1484; x_wconf 82' lang='lat' dir='ltr'>argutum</span> <span class='ocrx_word' id='word_1_116' title='bbox 795 1413 825 1466; x_wconf 88' lang='lat' dir='ltr'>et</span> <span class='ocrx_word' id='word_1_117' title='bbox 843 1413 1013 1467; x_wconf 92' lang='lat' dir='ltr'>nostrarum</span> <span class='ocrx_word' id='word_1_118' title='bbox 1033 1405 1159 1469; x_wconf 84' lang='lat' dir='ltr'>omnino</span> 
     </span>
     <span class='ocr_line' id='line_1_15' title="bbox 138 1497 255 1556; baseline 0.009 -1"><span class='ocrx_word' id='word_1_119' title='bbox 138 1497 255 1556; x_wconf 90' lang='lat' dir='ltr'>artium.</span> 
     </span>
    </p>
   </div>
   <div class='ocr_carea' id='block_1_5' title="bbox 138 1588 1160 1770">
    <p class='ocr_par' dir='ltr' id='par_1_5' title="bbox 138 1588 1160 1770">
     <span class='ocr_line' id='line_1_16' title="bbox 182 1588 1160 1683; baseline 0.003 -21"><span class='ocrx_word' id='word_1_120' title='bbox 182 1601 458 1683; x_wconf 77' lang='lat' dir='ltr'>Heidelbergae,</span> <span class='ocrx_word' id='word_1_121' title='bbox 478 1602 525 1662; x_wconf 73' lang='lat' dir='ltr'>cie</span> <span class='ocrx_word' id='word_1_122' title='bbox 544 1600 618 1661; x_wconf 82' lang='lat' dir='ltr'>xxi.</span> <span class='ocrx_word' id='word_1_123' title='bbox 628 1601 742 1662; x_wconf 74' lang='lat' dir='ltr'>ianuar.</span> <span class='ocrx_word' id='word_1_124' title='bbox 761 1599 924 1681; x_wconf 76' lang='lat' dir='ltr'>ornxuu,</span> <span class='ocrx_word' id='word_1_125' title='bbox 942 1619 1032 1680; x_wconf 73' lang='lat' dir='ltr'>quem</span> <span class='ocrx_word' id='word_1_126' title='bbox 1053 1602 1113 1664; x_wconf 75' lang='lat' dir='ltr'>cnr</span> <span class='ocrx_word' id='word_1_127' title='bbox 1132 1588 1160 1665; x_wconf 69' lang='lat' dir='ltr'>et</span> 
     </span>
     <span class='ocr_line' id='line_1_17' title="bbox 138 1684 896 1770; baseline 0.001 -21"><span class='ocrx_word' id='word_1_128' title='bbox 138 1708 231 1751; x_wconf 85' lang='lat' dir='ltr'>novae</span> <span class='ocrx_word' id='word_1_129' title='bbox 254 1698 363 1770; x_wconf 89' lang='lat' dir='ltr'>nuptae</span> <span class='ocrx_word' id='word_1_130' title='bbox 371 1684 411 1724; x_wconf 77' lang='lat'>¹³⁶</span> <span class='ocrx_word' id='word_1_131' title='bbox 434 1690 551 1751; x_wconf 84' lang='lat' dir='ltr'>felicem</span> <span class='ocrx_word' id='word_1_132' title='bbox 575 1697 643 1769; x_wconf 89' lang='lat' dir='ltr'>opto</span> <span class='ocrx_word' id='word_1_133' title='bbox 667 1689 896 1768; x_wconf 83' lang='lat' dir='ltr'>secundumque.</span> 
     </span>
    </p>
   </div>
   <div class='ocr_carea' id='block_1_6' title="bbox 343 1896 1072 1982">
    <p class='ocr_par' dir='ltr' id='par_1_6' title="bbox 343 1896 1072 1982">
     <span class='ocr_line' id='line_1_18' title="bbox 343 1896 1072 1982; baseline 0.001 -18"><span class='ocrx_word' id='word_1_134' title='bbox 343 1896 393 1965; x_wconf 80' lang='lat'>27.</span> <span class='ocrx_word' id='word_1_135' title='bbox 428 1898 454 1966; x_wconf 93' lang='grc' dir='ltr'>Ι.</span> <span class='ocrx_word' id='word_1_136' title='bbox 479 1898 636 1966; x_wconf 74' lang='lat' dir='ltr'>Gruterus</span> <span class='ocrx_word' id='word_1_137' title='bbox 661 1898 691 1965; x_wconf 83' lang='lat'>0.</span> <span class='ocrx_word' id='word_1_138' title='bbox 714 1897 948 1967; x_wconf 86' lang='lat' dir='ltr'>Rittershusio.</span> <span class='ocrx_word' id='word_1_139' title='bbox 1065 1972 1072 1982; x_wconf 58' lang='grc'><em>,</em></span> 
     </span>
    </p>
   </div>
   <div class='ocr_carea' id='block_1_7' title="bbox 139 2019 1162 2091">
    <p class='ocr_par' dir='ltr' id='par_1_7' title="bbox 139 2019 1162 2091">
     <span class='ocr_line' id='line_1_19' title="bbox 139 2019 1162 2091; baseline 0.005 -16"><span class='ocrx_word' id='word_1_140' title='bbox 139 2019 403 2091; x_wconf 81' lang='lat' dir='ltr'>Heidelbergae.</span> <span class='ocrx_word' id='word_1_141' title='bbox 904 2025 947 2076; x_wconf 78' lang='lat'>24.</span> <span class='ocrx_word' id='word_1_142' title='bbox 966 2020 1058 2090; x_wconf 84' lang='lat' dir='ltr'>April.</span> <span class='ocrx_word' id='word_1_143' title='bbox 1083 2028 1162 2079; x_wconf 74' lang='grc'><strong>11593.</strong></span> 
     </span>
    </p>
   </div>
   <div class='ocr_carea' id='block_1_8' title="bbox 63 2114 1203 3444">
    <p class='ocr_par' dir='ltr' id='par_1_8' title="bbox 63 2114 1203 3444">
     <span class='ocr_line' id='line_1_20' title="bbox 207 2114 1163 2197; baseline 0.003 -20"><span class='ocrx_word' id='word_1_144' title='bbox 207 2117 235 2178; x_wconf 92' lang='lat' dir='ltr'>S.</span> <span class='ocrx_word' id='word_1_145' title='bbox 255 2115 285 2176; x_wconf 92' lang='lat' dir='ltr'>P.</span> <span class='ocrx_word' id='word_1_146' title='bbox 317 2115 442 2177; x_wconf 91' lang='lat' dir='ltr'>Multum</span> <span class='ocrx_word' id='word_1_147' title='bbox 469 2134 516 2176; x_wconf 86' lang='lat' dir='ltr'>me</span> <span class='ocrx_word' id='word_1_148' title='bbox 540 2118 618 2196; x_wconf 86' lang='lat' dir='ltr'>cepit</span> <span class='ocrx_word' id='word_1_149' title='bbox 641 2115 795 2177; x_wconf 87' lang='lat' dir='ltr'>familiaris</span> <span class='ocrx_word' id='word_1_150' title='bbox 823 2114 873 2176; x_wconf 93' lang='lat' dir='ltr'>ille</span> <span class='ocrx_word' id='word_1_151' title='bbox 901 2133 1009 2197; x_wconf 86' lang='lat' dir='ltr'>sermo,</span> <span class='ocrx_word' id='word_1_152' title='bbox 1039 2119 1097 2196; x_wconf 87' lang='lat' dir='ltr'>qui</span> <span class='ocrx_word' id='word_1_153' title='bbox 1130 2120 1163 2179; x_wconf 96' lang='lat' dir='ltr'>in</span> 
     </span>
     <span class='ocr_line' id='line_1_21' title="bbox 138 2204 1162 2286; baseline 0.003 -20"><span class='ocrx_word' id='word_1_154' title='bbox 138 2208 298 2285; x_wconf 87' lang='lat' dir='ltr'>postremis</span> <span class='ocrx_word' id='word_1_155' title='bbox 328 2206 364 2266; x_wconf 94' lang='lat' dir='ltr'>ad</span> <span class='ocrx_word' id='word_1_156' title='bbox 392 2224 439 2266; x_wconf 90' lang='lat' dir='ltr'>me</span> <span class='ocrx_word' id='word_1_157' title='bbox 468 2207 540 2286; x_wconf 91' lang='lat' dir='ltr'>tuis,</span> <span class='ocrx_word' id='word_1_158' title='bbox 571 2205 735 2266; x_wconf 86' lang='lat' dir='ltr'>clarissime</span> <span class='ocrx_word' id='word_1_159' title='bbox 763 2204 953 2285; x_wconf 88' lang='lat' dir='ltr'>Rittershusi,</span> <span class='ocrx_word' id='word_1_160' title='bbox 985 2211 1017 2265; x_wconf 85' lang='lat' dir='ltr'>et</span> <span class='ocrx_word' id='word_1_161' title='bbox 1048 2204 1162 2269; x_wconf 88' lang='lat' dir='ltr'>vellem</span> 
     </span>
     <span class='ocr_line' id='line_1_22' title="bbox 63 2294 1161 2374; baseline 0.004 -20"><span class='ocrx_word' id='word_1_162' title='bbox 63 2367 67 2373; x_wconf 29' lang='grc'><em>,</em></span> <span class='ocrx_word' id='word_1_163' title='bbox 139 2294 239 2356; x_wconf 88' lang='lat' dir='ltr'>hercle</span> <span class='ocrx_word' id='word_1_164' title='bbox 262 2302 413 2374; x_wconf 88' lang='lat' dir='ltr'>praestare</span> <span class='ocrx_word' id='word_1_165' title='bbox 432 2294 543 2374; x_wconf 88' lang='lat' dir='ltr'>aliquid</span> <span class='ocrx_word' id='word_1_166' title='bbox 562 2296 702 2374; x_wconf 86' lang='lat' dir='ltr'>opinione</span> <span class='ocrx_word' id='word_1_167' title='bbox 720 2301 771 2354; x_wconf 92' lang='lat' dir='ltr'>tua</span> <span class='ocrx_word' id='word_1_168' title='bbox 790 2295 956 2372; x_wconf 88' lang='lat' dir='ltr'>allectuque</span> <span class='ocrx_word' id='word_1_169' title='bbox 976 2295 1035 2354; x_wconf 86' lang='lat' dir='ltr'>isto</span> <span class='ocrx_word' id='word_1_170' title='bbox 1054 2303 1161 2358; x_wconf 84' lang='lat' dir='ltr'>vestro</span> 
     </span>
     <span class='ocr_line' id='line_1_23' title="bbox 140 2381 1163 2463; baseline 0.005 -20"><span class='ocrx_word' id='word_1_171' title='bbox 140 2383 270 2463; x_wconf 73' lang='lat' dir='ltr'>dignum,</span> <span class='ocrx_word' id='word_1_172' title='bbox 315 2383 400 2445; x_wconf 92' lang='lat' dir='ltr'>Nunc</span> <span class='ocrx_word' id='word_1_173' title='bbox 428 2391 461 2445; x_wconf 94' lang='lat' dir='ltr'>ut</span> <span class='ocrx_word' id='word_1_174' title='bbox 488 2384 561 2444; x_wconf 91' lang='lat' dir='ltr'>haec</span> <span class='ocrx_word' id='word_1_175' title='bbox 589 2389 659 2444; x_wconf 90' lang='lat' dir='ltr'>sunt</span> <span class='ocrx_word' id='word_1_176' title='bbox 684 2391 834 2463; x_wconf 87' lang='lat' dir='ltr'>tempora,</span> <span class='ocrx_word' id='word_1_177' title='bbox 865 2381 926 2442; x_wconf 93' lang='lat' dir='ltr'>sola</span> <span class='ocrx_word' id='word_1_178' title='bbox 953 2381 1010 2442; x_wconf 86' lang='lat' dir='ltr'>tibi</span> <span class='ocrx_word' id='word_1_179' title='bbox 1038 2392 1163 2463; x_wconf 88' lang='lat' dir='ltr'>oportet</span> 
     </span>
     <span class='ocr_line' id='line_1_24' title="bbox 140 2469 1162 2553; baseline 0.005 -20"><span class='ocrx_word' id='word_1_180' title='bbox 140 2474 301 2534; x_wconf 77' lang='lat' dir='ltr'>satisfaciat</span> <span class='ocrx_word' id='word_1_181' title='bbox 322 2472 457 2534; x_wconf 76' lang='lat' dir='ltr'>voluntas</span> <span class='ocrx_word' id='word_1_182' title='bbox 482 2491 576 2552; x_wconf 85' lang='lat' dir='ltr'>eaque</span> <span class='ocrx_word' id='word_1_183' title='bbox 600 2490 670 2532; x_wconf 91' lang='lat' dir='ltr'>sane</span> <span class='ocrx_word' id='word_1_184' title='bbox 694 2473 726 2531; x_wconf 96' lang='lat' dir='ltr'>in</span> <span class='ocrx_word' id='word_1_185' title='bbox 744 2479 774 2532; x_wconf 85' lang='lat' dir='ltr'>ta</span> <span class='ocrx_word' id='word_1_186' title='bbox 797 2473 901 2550; x_wconf 90' lang='lat' dir='ltr'>tuique</span> <span class='ocrx_word' id='word_1_187' title='bbox 930 2469 1045 2533; x_wconf 90' lang='lat' dir='ltr'>similes</span> <span class='ocrx_word' id='word_1_188' title='bbox 1070 2472 1162 2553; x_wconf 84' lang='lat' dir='ltr'>plano</span> 
     </span>
     <span class='ocr_line' id='line_1_25' title="bbox 140 2560 1203 2647; baseline 0.004 -25"><span class='ocrx_word' id='word_1_189' title='bbox 140 2580 215 2623; x_wconf 60' lang='lat' dir='ltr'>sum‘</span> <span class='ocrx_word' id='word_1_190' title='bbox 230 2564 337 2623; x_wconf 83' lang='lat' dir='ltr'>eximia</span> <span class='ocrx_word' id='word_1_191' title='bbox 359 2580 456 2640; x_wconf 89' lang='lat' dir='ltr'>neque</span> <span class='ocrx_word' id='word_1_192' title='bbox 475 2569 591 2622; x_wconf 89' lang='lat' dir='ltr'>vestrae</span> <span class='ocrx_word' id='word_1_193' title='bbox 610 2560 814 2621; x_wconf 85' lang='lat' dir='ltr'>observantiae</span> <span class='ocrx_word' id='word_1_194' title='bbox 834 2567 864 2622; x_wconf 88' lang='lat' dir='ltr'>et</span> <span class='ocrx_word' id='word_1_195' title='bbox 882 2562 977 2620; x_wconf 91' lang='lat' dir='ltr'>amori</span> <span class='ocrx_word' id='word_1_196' title='bbox 995 2562 1164 2642; x_wconf 85' lang='lat' dir='ltr'>quicquam</span> <span class='ocrx_word' id='word_1_197' title='bbox 1201 2638 1203 2647; x_wconf 33' lang='grc' dir='ltr'>Ι</span> 
     </span>
     <span class='ocr_line' id='line_1_26' title="bbox 139 2648 1203 2731; baseline -0.004 -20"><span class='ocrx_word' id='word_1_198' title='bbox 139 2650 225 2711; x_wconf 82' lang='lat' dir='ltr'>facile</span> <span class='ocrx_word' id='word_1_199' title='bbox 248 2650 447 2731; x_wconf 88' lang='lat' dir='ltr'>praetulerim.</span> <span class='ocrx_word' id='word_1_200' title='bbox 486 2649 571 2721; x_wconf 85' lang='lat' dir='ltr'>Quod</span> <span class='ocrx_word' id='word_1_201' title='bbox 594 2651 686 2728; x_wconf 82' lang='lat' dir='ltr'>igitur</span> <span class='ocrx_word' id='word_1_202' title='bbox 709 2648 780 2709; x_wconf 79' lang='lat' dir='ltr'>felix</span> <span class='ocrx_word' id='word_1_203' title='bbox 804 2656 833 2710; x_wconf 92' lang='lat' dir='ltr'>et</span> <span class='ocrx_word' id='word_1_204' title='bbox 856 2649 986 2710; x_wconf 89' lang='lat' dir='ltr'>faustum</span> <span class='ocrx_word' id='word_1_205' title='bbox 1004 2656 1163 2715; x_wconf 82' lang='lat' dir='ltr'>certemus</span> <span class='ocrx_word' id='word_1_206' title='bbox 1201 2702 1203 2707; x_wconf 90' lang='lat'><em>.</em></span> 
     </span>
     <span class='ocr_line' id='line_1_27' title="bbox 140 2737 1164 2820; baseline 0.005 -21"><span class='ocrx_word' id='word_1_207' title='bbox 140 2740 197 2800; x_wconf 91' lang='lat' dir='ltr'>hoc</span> <span class='ocrx_word' id='word_1_208' title='bbox 230 2747 393 2820; x_wconf 84' lang='lat' dir='ltr'>certamen,</span> <span class='ocrx_word' id='word_1_209' title='bbox 426 2741 457 2799; x_wconf 92' lang='lat' dir='ltr'>in</span> <span class='ocrx_word' id='word_1_210' title='bbox 490 2757 549 2818; x_wconf 90' lang='lat' dir='ltr'>quo</span> <span class='ocrx_word' id='word_1_211' title='bbox 581 2756 733 2817; x_wconf 90' lang='lat' dir='ltr'>nunquam</span> <span class='ocrx_word' id='word_1_212' title='bbox 769 2756 817 2798; x_wconf 90' lang='lat' dir='ltr'>me</span> <span class='ocrx_word' id='word_1_213' title='bbox 848 2737 1045 2800; x_wconf 88' lang='lat' dir='ltr'>succumbere</span> <span class='ocrx_word' id='word_1_214' title='bbox 1080 2744 1164 2803; x_wconf 86' lang='lat' dir='ltr'>sinet</span> 
     </span>
     <span class='ocr_line' id='line_1_28' title="bbox 111 2826 1165 2910; baseline 0.005 -21"><span class='ocrx_word' id='word_1_215' title='bbox 111 2846 113 2850; x_wconf 87' lang='lat'>·</span> <span class='ocrx_word' id='word_1_216' title='bbox 140 2829 248 2908; x_wconf 91' lang='lat' dir='ltr'>cupido</span> <span class='ocrx_word' id='word_1_217' title='bbox 272 2827 322 2889; x_wconf 94' lang='lat' dir='ltr'>ille</span> <span class='ocrx_word' id='word_1_218' title='bbox 346 2829 483 2907; x_wconf 88' lang='lat' dir='ltr'>quisquis</span> <span class='ocrx_word' id='word_1_219' title='bbox 507 2835 568 2908; x_wconf 92' lang='lat' dir='ltr'>est,</span> <span class='ocrx_word' id='word_1_220' title='bbox 596 2846 655 2907; x_wconf 91' lang='lat' dir='ltr'>quo</span> <span class='ocrx_word' id='word_1_221' title='bbox 683 2845 730 2887; x_wconf 92' lang='lat' dir='ltr'>me</span> <span class='ocrx_word' id='word_1_222' title='bbox 753 2834 849 2893; x_wconf 84' lang='lat' dir='ltr'>totum</span> <span class='ocrx_word' id='word_1_223' title='bbox 875 2826 912 2887; x_wconf 93' lang='lat' dir='ltr'>ad</span> <span class='ocrx_word' id='word_1_224' title='bbox 935 2828 1028 2887; x_wconf 85' lang='lat' dir='ltr'>vestri</span> <span class='ocrx_word' id='word_1_225' title='bbox 1051 2846 1165 2910; x_wconf 88' lang='lat' dir='ltr'>appro-</span> 
     </span>
     <span class='ocr_line' id='line_1_29' title="bbox 139 2915 1165 3000; baseline 0.002 -21"><span class='ocrx_word' id='word_1_226' title='bbox 139 2917 289 2979; x_wconf 86' lang='lat' dir='ltr'>bationem</span> <span class='ocrx_word' id='word_1_227' title='bbox 321 2917 416 2977; x_wconf 87' lang='lat' dir='ltr'>formo</span> <span class='ocrx_word' id='word_1_228' title='bbox 450 2915 620 2996; x_wconf 85' lang='lat' dir='ltr'>excoloque.</span> <span class='ocrx_word' id='word_1_229' title='bbox 666 2915 740 2976; x_wconf 92' lang='lat' dir='ltr'>Nam</span> <span class='ocrx_word' id='word_1_230' title='bbox 772 2934 855 2976; x_wconf 87' lang='lat' dir='ltr'>mero</span> <span class='ocrx_word' id='word_1_231' title='bbox 888 2933 989 2976; x_wconf 89' lang='lat' dir='ltr'>amore</span> <span class='ocrx_word' id='word_1_232' title='bbox 1020 2934 1060 2978; x_wconf 90' lang='lat' dir='ltr'>ne</span> <span class='ocrx_word' id='word_1_233' title='bbox 1096 2921 1165 3000; x_wconf 88' lang='lat' dir='ltr'>ipse</span> 
     </span>
     <span class='ocr_line' id='line_1_30' title="bbox 139 3003 1165 3090; baseline 0.005 -24"><span class='ocrx_word' id='word_1_234' title='bbox 139 3006 279 3068; x_wconf 90' lang='lat' dir='ltr'>vincendi</span> <span class='ocrx_word' id='word_1_235' title='bbox 311 3004 432 3085; x_wconf 91' lang='lat' dir='ltr'>quidem</span> <span class='ocrx_word' id='word_1_236' title='bbox 465 3024 516 3085; x_wconf 90' lang='lat' dir='ltr'>spe</span> <span class='ocrx_word' id='word_1_237' title='bbox 550 3005 585 3066; x_wconf 94' lang='lat' dir='ltr'>ad</span> <span class='ocrx_word' id='word_1_238' title='bbox 614 3025 661 3066; x_wconf 85' lang='lat' dir='ltr'>me</span> <span class='ocrx_word' id='word_1_239' title='bbox 691 3007 771 3066; x_wconf 88' lang='lat' dir='ltr'>irent</span> <span class='ocrx_word' id='word_1_240' title='bbox 793 3003 908 3065; x_wconf 83' lang='lat' dir='ltr'>Damon</span> <span class='ocrx_word' id='word_1_241' title='bbox 935 3011 986 3065; x_wconf 85' lang='lat' dir='ltr'>aut</span> <span class='ocrx_word' id='word_1_242' title='bbox 1013 3003 1165 3090; x_wconf 64' lang='lat' dir='ltr'>Phintias</span> 
     </span>
     <span class='ocr_line' id='line_1_31' title="bbox 140 3093 1165 3176; baseline 0.003 -20"><span class='ocrx_word' id='word_1_243' title='bbox 140 3096 213 3156; x_wconf 93' lang='lat' dir='ltr'>adeo</span> <span class='ocrx_word' id='word_1_244' title='bbox 236 3095 286 3156; x_wconf 91' lang='lat' dir='ltr'>hic</span> <span class='ocrx_word' id='word_1_245' title='bbox 309 3112 378 3155; x_wconf 88' lang='lat' dir='ltr'>vere</span> <span class='ocrx_word' id='word_1_246' title='bbox 402 3096 530 3156; x_wconf 88' lang='lat' dir='ltr'>invictus</span> <span class='ocrx_word' id='word_1_247' title='bbox 554 3113 622 3176; x_wconf 82' lang='lat' dir='ltr'>ego,</span> <span class='ocrx_word' id='word_1_248' title='bbox 652 3093 872 3172; x_wconf 85' lang='lat' dir='ltr'>voluissemquc</span> <span class='ocrx_word' id='word_1_249' title='bbox 895 3112 1009 3173; x_wconf 89' lang='lat' dir='ltr'>nupere</span> <span class='ocrx_word' id='word_1_250' title='bbox 1032 3095 1066 3156; x_wconf 95' lang='lat' dir='ltr'>in</span> <span class='ocrx_word' id='word_1_251' title='bbox 1092 3098 1165 3159; x_wconf 84' lang='lat' dir='ltr'>fatis</span> 
     </span>
     <span class='ocr_line' id='line_1_32' title="bbox 140 3182 1166 3266; baseline 0.004 -22"><span class='ocrx_word' id='word_1_252' title='bbox 140 3185 248 3245; x_wconf 86' lang='lat' dir='ltr'>suisset</span> <span class='ocrx_word' id='word_1_253' title='bbox 275 3186 414 3263; x_wconf 91' lang='lat' dir='ltr'>propiore</span> <span class='ocrx_word' id='word_1_254' title='bbox 447 3192 545 3246; x_wconf 91' lang='lat' dir='ltr'>tecum</span> <span class='ocrx_word' id='word_1_255' title='bbox 576 3183 718 3263; x_wconf 84' lang='lat' dir='ltr'>congredi</span> <span class='ocrx_word' id='word_1_256' title='bbox 750 3182 862 3264; x_wconf 84' lang='lat' dir='ltr'>duello;</span> <span class='ocrx_word' id='word_1_257' title='bbox 894 3189 978 3262; x_wconf 81' lang='lat' dir='ltr'>terga</span> <span class='ocrx_word' id='word_1_258' title='bbox 1009 3201 1166 3266; x_wconf 89' lang='lat' dir='ltr'>nusquam</span> 
     </span>
     <span class='ocr_line' id='line_1_33' title="bbox 140 3271 1165 3354; baseline 0.006 -22"><span class='ocrx_word' id='word_1_259' title='bbox 140 3275 306 3333; x_wconf 86' lang='lat' dir='ltr'>vertissem.</span> <span class='ocrx_word' id='word_1_260' title='bbox 352 3272 460 3334; x_wconf 89' lang='lat' dir='ltr'>Verum</span> <span class='ocrx_word' id='word_1_261' title='bbox 484 3276 624 3354; x_wconf 90' lang='lat' dir='ltr'>quoniam</span> <span class='ocrx_word' id='word_1_262' title='bbox 651 3272 682 3333; x_wconf 91' lang='lat' dir='ltr'>id</span> <span class='ocrx_word' id='word_1_263' title='bbox 705 3290 766 3333; x_wconf 91' lang='lat' dir='ltr'>non</span> <span class='ocrx_word' id='word_1_264' title='bbox 792 3271 879 3332; x_wconf 90' lang='lat' dir='ltr'>licuit</span> <span class='ocrx_word' id='word_1_265' title='bbox 901 3278 931 3332; x_wconf 93' lang='lat' dir='ltr'>et</span> <span class='ocrx_word' id='word_1_266' title='bbox 953 3272 1002 3332; x_wconf 91' lang='lat' dir='ltr'>hic</span> <span class='ocrx_word' id='word_1_267' title='bbox 1024 3271 1165 3338; x_wconf 90' lang='lat' dir='ltr'>Palatino</span> 
     </span>
     <span class='ocr_line' id='line_1_34' title="bbox 142 3359 1166 3444; baseline 0.008 -24"><span class='ocrx_word' id='word_1_268' title='bbox 142 3360 256 3440; x_wconf 85' lang='lat' dir='ltr'>defigor</span> <span class='ocrx_word' id='word_1_269' title='bbox 278 3361 372 3444; x_wconf 88' lang='lat' dir='ltr'>clavo,</span> <span class='ocrx_word' id='word_1_270' title='bbox 405 3362 509 3424; x_wconf 89' lang='lat' dir='ltr'>saltem</span> <span class='ocrx_word' id='word_1_271' title='bbox 537 3362 623 3441; x_wconf 83' lang='lat' dir='ltr'>longe</span> <span class='ocrx_word' id='word_1_272' title='bbox 652 3360 817 3422; x_wconf 80' lang='lat' dir='ltr'>iaculamur</span> <span class='ocrx_word' id='word_1_273' title='bbox 845 3359 919 3421; x_wconf 90' lang='lat' dir='ltr'>alata</span> <span class='ocrx_word' id='word_1_274' title='bbox 946 3359 1037 3422; x_wconf 86' lang='lat' dir='ltr'>verba</span> <span class='ocrx_word' id='word_1_275' title='bbox 1066 3366 1166 3427; x_wconf 87' lang='lat' dir='ltr'>tincta</span> 
     </span>
    </p>
   </div>
   <div class='ocr_carea' id='block_1_9' title="bbox 105 3446 1166 3620">
    <p class='ocr_par' dir='ltr' id='par_1_9' title="bbox 105 3446 1166 3620">
     <span class='ocr_line' id='line_1_35' title="bbox 105 3446 1166 3534; baseline 0.008 -26"><span class='ocrx_word' id='word_1_276' title='bbox 105 3480 109 3488; x_wconf 87' lang='lat'><strong>·</strong></span> <span class='ocrx_word' id='word_1_277' title='bbox 141 3467 199 3509; x_wconf 94' lang='lat' dir='ltr'>non</span> <span class='ocrx_word' id='word_1_278' title='bbox 224 3469 336 3513; x_wconf 91' lang='lat' dir='ltr'>veneno</span> <span class='ocrx_word' id='word_1_279' title='bbox 359 3452 474 3534; x_wconf 91' lang='lat' dir='ltr'>lethali,</span> <span class='ocrx_word' id='word_1_280' title='bbox 505 3452 557 3512; x_wconf 92' lang='lat' dir='ltr'>sed</span> <span class='ocrx_word' id='word_1_281' title='bbox 580 3449 667 3511; x_wconf 90' lang='lat' dir='ltr'>melle</span> <span class='ocrx_word' id='word_1_282' title='bbox 690 3448 751 3533; x_wconf 88' lang='lat' dir='ltr'>illo,</span> <span class='ocrx_word' id='word_1_283' title='bbox 780 3449 859 3528; x_wconf 89' lang='lat' dir='ltr'>quod</span> <span class='ocrx_word' id='word_1_284' title='bbox 882 3446 1166 3528; x_wconf 80' lang='lat' dir='ltr'>inexstinguibilem</span> 
     </span>
     <span class='ocr_line' id='line_1_36' title="bbox 141 3539 1166 3620; baseline 0.007 -22"><span class='ocrx_word' id='word_1_285' title='bbox 141 3541 265 3602; x_wconf 91' lang='lat' dir='ltr'>incutiat</span> <span class='ocrx_word' id='word_1_286' title='bbox 288 3541 428 3603; x_wconf 90' lang='lat' dir='ltr'>cordibus</span> <span class='ocrx_word' id='word_1_287' title='bbox 452 3547 567 3603; x_wconf 89' lang='lat' dir='ltr'>aestum</span> <span class='ocrx_word' id='word_1_288' title='bbox 590 3558 738 3620; x_wconf 89' lang='lat' dir='ltr'>quemque</span> <span class='ocrx_word' id='word_1_289' title='bbox 757 3557 813 3600; x_wconf 91' lang='lat' dir='ltr'>nec</span> <span class='ocrx_word' id='word_1_290' title='bbox 833 3539 982 3618; x_wconf 79' lang='lat' dir='ltr'>exstingui</span> <span class='ocrx_word' id='word_1_291' title='bbox 1001 3540 1166 3620; x_wconf 85' lang='lat' dir='ltr'>cupiamus</span> 
     </span>
    </p>
   </div>
   <div class='ocr_carea' id='block_1_10' title="bbox 0 0 1222 3944">
    <p class='ocr_par' dir='ltr' id='par_1_10' title="bbox 0 0 1222 3944">
     <span class='ocr_line' id='line_1_37' title="bbox 0 0 1222 3944; baseline 0 0"><span class='ocrx_word' id='word_1_292' title='bbox 0 0 1222 3944; x_wconf 95' lang='lat' dir='ltr'> </span> 
     </span>
    </p>
   </div>
  </div>
 </body>
</html>
