2400 3966
447 215 484 269 ad
501 214 546 269 W.
565 213 727 270 Maurarum
1069 212 1090 278 3

140 363 287 435 Quoniam
310 381 382 423 vero
405 363 491 424 video
514 370 543 423 te
567 363 651 445 mihi,
675 381 851 444 quacunque
874 366 906 424 in
929 382 962 424 re
978 367 1092 445 possis,

84 453 235 530 gratificari
261 451 352 534 velle,
379 455 470 513 etiam
497 459 585 531 atque
613 456 702 513 etiam
730 460 800 533 peto
828 451 881 513 abs
908 459 952 533 te,
978 460 1012 513 ut
1036 453 1091 512 hos

84 539 255 602 Graecorum
284 541 454 602 Aristotelis
480 544 678 621 interpretum
705 541 834 603 Graecos
862 543 1092 602 commentarios

84 630 147 703 nihi
163 630 299 691 Venetiis
322 648 404 690 emas
427 638 458 691 et
480 630 662 713 consideres,
685 650 722 692 ne
746 635 791 692 eis
809 631 869 691 ulla
886 632 995 710 pagina
1013 629 1092 691 desit

84 726 231 798 tecumque
254 721 389 798 integros
407 718 537 799 Lipsiam
559 720 707 799 perferas:
731 713 948 799 Simplicium¹⁵
971 718 1037 779 dico
1058 721 1091 779 in

85 806 165 868 libros
186 807 288 888 phys,
311 807 348 868 de
372 807 464 889 coelo,
487 808 524 868 de
547 811 646 869 animo
671 807 754 889 [sic],
777 816 808 870 et
828 809 970 870 loannem
993 826 1090 887 gram-

85 900 215 958 maticum
247 899 280 960 in
309 896 404 957 libros
432 897 468 957 de
496 904 563 957 ortu
591 905 621 958 et
648 900 773 959 interitu
801 901 876 984 sive,
907 905 941 958 ut
969 900 1020 959 isti
1047 896 1090 956 lo-

86 993 215 1067 quuntur,
234 987 272 1047 de
291 989 483 1065 generatione
502 994 532 1046 et
550 990 751 1068 corruptione,
774 995 804 1049 et
822 987 981 1048 Themistii
999 1005 1090 1066 opera

87 1082 281 1155 caeterosque,
315 1077 367 1155 qui
398 1074 491 1135 libros
518 1075 687 1136 Aristotelis
720 1077 756 1137 de
786 1075 878 1137 rebus
904 1075 1089 1137 naturalibus

86 1162 185 1225 Graece
213 1163 424 1244 explanarunt,
451 1166 513 1224 sive
536 1163 701 1225 Alexander
724 1165 967 1244 Aphrodisiensis
990 1165 1089 1244 luerit,

87 1255 137 1313 sire
161 1251 288 1314 Michael
315 1252 476 1333 Ephesius,
508 1255 570 1314 sive
598 1253 791 1334 Metachytes,
822 1257 883 1315 sive
910 1253 1089 1332 Eustratius,

87 1343 137 1403 sire
153 1343 335 1402 Ammonius.
373 1341 454 1413 Quos
477 1348 575 1403 autem
599 1345 827 1404 commentarios
850 1343 941 1403 iidem
961 1344 1088 1420 scripse-

88 1438 146 1491 runt
161 1434 193 1492 in
211 1429 384 1492 dialecticos
398 1430 565 1492 Aristotelis
584 1430 687 1512 libros,
705 1450 766 1492 nou
785 1449 879 1513 emas3
898 1450 967 1492 nam
985 1448 1088 1490 omnes

88 1517 176 1601 babeo,
198 1526 319 1600 praeter
341 1519 522 1600 Metachytae
546 1519 782 1601 lucubrationes,
805 1539 879 1599 quas
902 1523 975 1581 item
998 1538 1087 1580 emas.

90 1606 114 1668 Si
131 1609 185 1669 tibi
206 1611 334 1689 pecunia
357 1626 418 1669 non
440 1609 539 1689 luerit,
564 1628 664 1669 sumas
682 1616 818 1670 mutuum
838 1628 853 1669 a
872 1603 1088 1690 Badehornolss,

90 1699 138 1757 viro
167 1700 243 1759 iuris
274 1697 370 1759 civilis
399 1697 595 1776 intelligentia
628 1704 658 1758 et
690 1701 771 1758 omni
803 1701 945 1759 scientiae
978 1716 1087 1777 genere
1185 1750 1188 1755 .

92 1786 272 1862 praecellenti.
318 1787 406 1868 Nam,
433 1794 467 1848 ut
494 1786 596 1867 audio,
624 1786 713 1848 habet
735 1795 778 1869 et,
805 1794 839 1848 ut
863 1806 964 1869 spero,
993 1787 1087 1867 dabit3

74 1874 149 1950 ,uili
178 1878 271 1957 euim,
303 1895 372 1936 cum
402 1869 585 1936 Hertelius¹⁷
617 1894 685 1936 eum
717 1879 750 1936 in
782 1876 870 1937 aedes
902 1895 984 1937 meas
1017 1875 1088 1935 olim
1148 1887 1149 1890 ’

93 1961 171 2046 duxit,
201 1964 290 2025 homo
323 1968 405 2026 risus
437 1971 484 2025 est
515 1965 611 2025 bonus
644 1983 724 2046 esse,
755 1973 787 2026 et
812 1964 967 2027 Fabricius
997 1967 1087 2026 etiam

95 2051 239 2114 officiosum
261 2054 348 2135 dicit,
372 2073 429 2134 qua
452 2073 485 2114 re
509 2061 539 2114 et
562 2056 687 2133 gratiam
710 2060 741 2114 et
762 2055 892 2115 honores
916 2062 947 2115 et
968 2054 1087 2114 divitias

95 2146 231 2222 consequi
246 2145 366 2223 poterit.
415 2143 503 2204 Certe
531 2161 620 2222 quam
647 2145 780 2222 primum
806 2142 931 2203 redierit
958 2141 994 2202 ad
1022 2160 1088 2221 nos,
1166 2169 1172 2183 ·

95 2238 226 2308 argentum
257 2232 380 2293 reddam
413 2239 443 2292 et
474 2231 549 2292 dabo
582 2231 713 2312 lucrum,
749 2230 828 2311 quod
861 2230 992 2291 dandum
1024 2236 1088 2290 erat

95 2312 243 2402 luccheriS,
269 2329 304 2382 ut
330 2323 363 2381 iu
389 2320 473 2382 ltalia
500 2328 705 2402 numerarent,
733 2327 764 2381 et
790 2321 895 2379 faciam
923 2327 1086 2399 praeterea,

96 2412 120 2464 u
139 2409 277 2489 intelligat
303 2410 381 2490 apud
410 2418 525 2489 gratiam
553 2411 706 2471 hominem
731 2408 910 2470 beneficium
938 2411 1085 2488 posuisse.

96 2489 147 2556 lale
170 2506 198 2559 et
224 2499 319 2561 saluta
346 2499 561 2561 Radehornum
606 2499 742 2559 Eundem
771 2505 801 2559 et
827 2505 857 2559 te
882 2497 989 2560 salutat
1011 2497 1085 2558 ller-

98 2581 171 2647 telins.
210 2583 339 2649 Cordo18
356 2590 457 2649 iuveni
475 2591 521 2661 rei
539 2588 695 2650 herbariae
714 2587 841 2651 multum
859 2591 956 2668 perito
976 2588 1013 2649 da
1031 2583 1099 2648 has·
1122 2638 1134 2658 ,

98 2665 183 2757 literas,
197 2695 285 2757 quem
299 2676 356 2738 tibi
366 2678 548 2738 commendo,
575 2677 687 2737 lterum
697 2677 759 2737 vale
771 2684 866 2758 etme,
875 2685 909 2738 ut
918 2680 1001 2759 sacis,
1011 2695 1083 2737 ama.

129 2776 334 2882 llempnicii,
356 2781 417 2844 Cal.
439 2783 498 2844 lan.
521 2802 599 2844 anno
622 2782 661 2844 M.
681 2782 713 2844 b,
731 2782 843 2844 XLllll.

668 2889 845 2978 Georgius
867 2888 1044 2968 Agricola.

311 3148 343 3219 2.
375 3150 411 3219 G.
430 3150 589 3240 Agricola
606 3151 661 3220 W.
683 3151 844 3219 llenrero.

96 3237 271 3324 Kompnicii.
876 3259 918 3309 aa.
937 3254 989 3311 1111.
1010 3260 1087 3312 1544.

142 3380 260 3449 doctiss.
288 3385 465 3467 philosopho
493 3393 523 3447 et
550 3386 666 3447 medico
696 3383 920 3465 dWolsgango
948 3386 1084 3448 Meurero

93 3468 166 3532 Amico
187 3494 249 3538 suo.
295 3474 423 3556 Lipsiae.

142 3561 167 3623 S.
183 3564 255 3627 Heri
277 3567 397 3646 vesperi
419 3563 521 3625 literas
544 3584 561 3626 a
584 3572 614 3626 te
638 3566 750 3645 accepi,
774 3563 882 3643 quibus
900 3564 974 3624 mihi
993 3560 1083 3642 signi·
1159 3596 1163 3604 ·

887 3663 922 3716 1*
