2400 3966
92 178 157 243 170
493 179 698 234 Adnotationcs

90 321 223 376 nundinis
248 322 459 377 autumnalibus
483 321 796 393 111111111111111111
819 339 844 377 a.
862 328 929 377 1597
953 321 1101 376 celebratis
1140 364 1143 385 ,

89 392 201 449 noviter
223 393 352 464 impressi
374 393 489 448 venales
512 393 634 463 expositi
656 393 777 448 fuerunt.
815 395 923 465 Sumpt.
946 393 980 447 Η.
1000 392 1100 449 Crcsii.
1140 390 1143 456 ζ

92 465 140 520 fol.
160 462 246 535 le).
285 463 373 530 Quem
396 465 627 519 commentarium
650 465 844 536 typographus
868 465 920 519 sub
942 464 1026 519 finem
1043 465 1102 526 fere
1142 496 1143 502 .

90 536 212 608 Augusti
231 536 299 590 anni
314 541 381 589 1597
401 536 585 606 exspectabat
602 538 637 605 (v.
654 535 745 590 Coleri
759 536 840 607 epist.
855 536 957 591 Altorf.
971 541 1014 598 28.
1028 535 1101 606 Aug.

91 614 160 662 1597
186 608 243 664 dat.
267 607 297 661 in
321 607 401 677 epist.
427 607 545 662 Gudian.
565 625 593 676 p.
608 611 678 676 252).
717 608 772 662 Sed
796 607 854 662 alia
878 607 961 678 epist.
980 606 1102 676 (Altorfii

92 685 133 734 13.
152 679 246 746 Febr,
271 679 331 733 sine
354 695 440 747 anno,
464 678 656 748 11111253)
684 677 797 733 Colerus
822 677 1027 748 conqueritur:-
1046 678 1101 732 ‘De

91 750 251 819 Sallustio',
274 748 379 818 inquit,
410 751 492 803 ‘ante
519 748 603 803 hasce
626 749 766 804 nundinas
793 749 867 804 nihil
894 751 944 804 fiet
967 749 1052 819 culpa
1075 752 1103 804 et

90 821 200 893 flagitio
219 821 341 875 maximo
360 820 531 891 typographi
548 820 777 877 mendacissimi?
807 823 888 875 Anno
902 821 1020 875 tandem
1034 826 1103 874 1588

91 892 307 947 commentarius
321 892 448 946 Norimb.
463 891 570 961 prodiit
584 895 619 960 (v.
634 891 758 962 Apinum
771 910 798 961 p.
815 897 848 946 86
863 892 980 961 eiusque
995 892 1060 948 adn.
1073 893 1102 962 l).

89 963 234 1020 Fabricius
253 962 284 1016 in
301 963 371 1018 bibl.
390 963 439 1019 lat.
460 963 503 1018 ed.
517 962 656 1017 Ernestil
672 963 757 1033 (Lips.
773 966 853 1045 1773)
866 982 893 1033 p.
908 968 961 1018 243
975 965 1104 1017 recenset

90 1034 219 1090 Sallustii
238 1034 390 1089 editionem
409 1051 473 1087 cum
490 1033 566 1087 notis
586 1033 858 1104 Christoph.Coler1‚
877 1033 1004 1089 Norimb.
1025 1039 1103 1099 1599,

90 1109 127 1161 8⁰.
161 1106 216 1161 Sed
235 1105 309 1160 hunc
327 1105 432 1160 librum
449 1105 479 1158 in
498 1104 636 1176 catalogis
654 1105 831 1159 nundinariis
847 1123 871 1160 a.
888 1111 957 1159 1539
973 1104 1103 1173 equidem

89 1194 147 1232 non
170 1177 354 1247 deprehendi,
378 1176 473 1230 inveni
495 1178 608 1229 tantum
628 1174 671 1230 ‘C
693 1175 821 1230 Sallustii
839 1175 930 1246 Crispi
953 1175 1104 1229 historiam

89 1250 246 1304 Romanam
270 1265 332 1301 cum
355 1247 520 1317 fragmentis
543 1264 594 1317 per
617 1245 717 1302 Christ.
738 1247 879 1316 Celerum,
903 1248 934 1299 8⁰
954 1246 1103 1316 (Norimb.)

89 1321 245 1374 Kaufman’
280 1319 320 1389 (in
350 1320 481 1388 catalogo
513 1319 551 1373 lo.
575 1318 779 1386 Feyerabendii
812 1318 849 1372 ad
875 1318 962 1373 nund.
995 1317 1103 1372 vernal.

89 1391 199 1447 Francf.
227 1391 276 1446 fol.
302 1390 371 1459 01⁸)
399 1393 429 1444 11
458 1388 502 1444 ‘C
521 1388 656 1443 ⁴Sallustii
684 1388 775 1459 Crispi
802 1389 937 1459 epistolas
967 1389 1038 1442 duas
1067 1387 1105 1442 ad

91 1461 119 1516 C.
139 1463 159 1517 Ι.
179 1462 327 1516 Caesarem
356 1462 390 1515 de
418 1477 474 1530 rep.
499 1460 669 1528 ordinanda,
696 1459 771 1513 notis
795 1460 919 1531 politicis
944 1459 1103 1513 illustratas

90 1550 108 1586 a
131 1532 193 1588 Chr.
213 1533 324 1600 Colere,
350 1531 508 1600 Ambergae
533 1532 577 1585 80’
607 1530 647 1599 (in
669 1531 753 1585 catal.
781 1531 847 1586 Abr.
876 1530 1039 1600 Lambergii
1068 1530 1104 1584 ad

88 1605 173 1659 nund.
194 1607 300 1659 autum.
319 1602 393 1672 Lips.
413 1602 495 1671 Elss).
591 1601 647 1656 282
677 1602 753 1671 Opus
772 1601 918 1657 ineditum.
955 1601 989 1656 V.
1009 1602 1106 1672 ipsum

89 1674 239 1729 Gruterum
260 1675 291 1728 in
313 1673 394 1743 epist.
419 1672 456 1726 ad
479 1672 584 1726 Bonar.
603 1672 785 1742 Vulcanium,
813 1672 847 1727 de
871 1689 928 1742 qua
946 1672 1103 1726 Vulcanius

90 1744 226 1799 nonnulla
250 1743 389 1813 excerpsit
411 1743 442 1796 in
464 1743 546 1812 epist.
571 1743 608 1796 ad
627 1742 677 1798 Th.
694 1742 845 1809 Canterum
867 1743 955 1814 Lugd.
983 1749 1024 1799 16.
1041 1744 1104 1798 Oct.

90 1820 159 1870 1598
174 1816 213 1884 (in
223 1815 327 1870 Alciati
341 1817 423 1868 tract.
439 1816 537 1868 contra
546 1813 636 1868 vitam
645 1814 832 1871 monasticam
842 1815 885 1867 ed.
895 1816 928 1869 A.
939 1814 1104 1868 Matthaeus

88 1887 176 1957 Lugd.
193 1892 261 1940 1708
279 1905 307 1956 p.
323 1890 357 1938 84
367 1888 427 1954 sq),
445 1887 557 1954 praeter
572 1885 624 1938 hos
638 1884 809 1940 Venatorem
822 1904 849 1955 p.
866 1892 900 1939 96
911 1903 961 1955 sq,
985 1884 1102 1938 Reiffer-

89 1957 192 2012 scheid.
233 1962 314 2012 .809.

159 1976 310 2083 CSCPFrid.
326 2027 526 2081 Taubmannus
544 2028 749 2096 (1565-1613),
769 2026 834 2080 inde
854 2028 890 2081 ab
905 2045 930 2081 a.
947 2032 1017 2080 1595
1031 2027 1103 2096 prof.

87 2117 164 2171 pces.
188 2102 217 2154 et
240 2098 418 2168 eloquentiae
436 2097 648 2167 Vitebergensis
672 2100 708 2166 (v.
727 2097 845 2156 Joccher
862 2097 902 2152 IV
921 2103 1005 2164 1023;
1031 2098 1104 2152 11111-

90 2171 171 2239 stein,
189 2169 327 2225 nomencl.
346 2188 373 2239 p.
389 2171 460 2238 558).
555 2166 613 2222 284
640 2167 679 2222 Cf.
699 2169 878 2222 Taubmanni
895 2168 1106 2237 praefationem

89 2243 126 2296 ad
149 2243 282 2296 lectorem
304 2260 331 2312 p.
346 2242 435 2309 lllsq.
461 2238 592 2294 editionis
618 2255 642 2294 a.
659 2244 727 2292 1695
747 2242 776 2292 11
793 2239 943 2294 Ritschelii
962 2256 1058 2310 opusc.
1079 2240 1107 2293 Π

88 2333 115 2383 p.
133 2319 183 2367 130
194 2331 253 2381 sqq.
274 2318 324 2366 138
335 2330 375 2381 sq.
492 2310 550 2364 281
568 2309 785 2379 inscriptionum
802 2327 984 2365 romanarum
1003 2327 1105 2380 corpus

89 2384 342 2451 absolutissimum,
370 2381 484 2451 ingenio
508 2384 537 2435 11
562 2397 629 2434 cura
651 2379 713 2434 lani
735 2380 860 2446 Gruteri,
889 2381 1025 2451 auspiciis
1050 2382 1105 2436 los.

90 2454 225 2525 Scaligeri
250 2472 283 2510 ac
306 2455 344 2508 11.
359 2452 475 2507 Velseri.
512 2452 658 2505 Accedunt
680 2451 769 2504 XXIV
789 2451 926 2521 scaligeri
948 2452 1059 2506 indices
1076 2495 1105 2508 ..

89 2526 239 2595 (Heidelb.)
280 2526 313 2579 ln
339 2523 507 2594 bibliopolio
535 2521 910 2589 Commeliniano..1618;
940 2524 984 2577 est
1012 2525 1108 2578 altera

89 2596 189 2663 editio,
213 2596 289 2665 prior
310 2595 418 2649 ibidem
442 2598 537 2664 1602s3
556 2592 674 2663 prodiit,
694 2609 779 2660 quam
796 2610 854 2648 non
871 2593 940 2647 vidi.
978 2593 1012 2649 V.
1034 2595 1106 2649 Gru·

88 2669 180 2720 terum
194 2666 228 2720 de
242 2668 296 2721 hoc
311 2683 394 2735 opere
408 2665 590 2719 disserentem
599 2663 629 2717 in
639 2663 767 2732 epistolis
777 2664 815 2717 ad
823 2664 861 2719 lo.
871 2663 1106 2734 Kirchmannum,

89 2737 163 2791 inter
190 2737 271 2806 epist.
300 2737 444 2791 Gudianas
471 2754 498 2805 p.
524 2741 584 2788 200.
612 2740 672 2788 201.
702 2739 753 2787 203
764 2753 804 2802 sq.
920 2734 978 2790 288
1007 2736 1105 2804 (Mart.

90 2807 198 2878 Smetii)
217 2808 433 2876 inscriptionum
452 2805 644 2873 antiquarum,
669 2821 741 2873 quae
759 2805 866 2874 passim
883 2822 934 2875 per
951 2806 1106 2876 Europam,

88 2880 167 2935 liber.
205 2879 332 2933 Accessit
355 2876 513 2938 auctarium
536 2892 554 2929 a
575 2875 653 2929 Iusto
675 2874 778 2944 Lipsic.
820 2876 909 2945 Lugd.
934 2877 999 2930 Bat.
1024 2883 1106 2933 1588.

160 2950 217 3004 287
239 2950 311 3004 Item
329 2948 464 3003 Gruterus
482 2946 512 2999 in
530 2945 746 3015 Inscripticnum
763 2945 938 3015 praefatione
958 2947 997 3001 ad
1015 2947 1107 3003 lecto-

88 3039 159 3090 rem,
183 3021 233 3074 ubi
253 3019 344 3074 multa
363 3018 397 3073 de
415 3016 499 3071 huius
518 3015 610 3085 operis
629 3016 805 3085 auctoribus,
827 3017 1000 3086 fautoribus,
1025 3018 1106 3075 fatis.

88 3093 122 3147 V.
142 3092 229 3146 etiam
247 3090 381 3145 Eckstein
398 3088 429 3142 in
446 3086 541 3141 Ersch.
561 3088 591 3139 ct
608 3085 723 3141 Gruber.
742 3089 810 3142 tcm.
831 3094 863 3141 95
882 3107 909 3158 p.
925 3095 976 3142 361
989 3107 1030 3158 sq.

88 3162 147 3217 288
169 3162 202 3217 V.
223 3161 286 3216 adn.
302 3165 362 3214 282,
469 3157 527 3212 288
552 3155 753 3210 Wesenbccius
771 3163 808 3229 (v.
827 3159 891 3213 adn.
908 3163 971 3228 147)
990 3177 1016 3215 a.
1034 3166 1105 3216 1198

87 3232 206 3286 Altorfio
238 3231 310 3285 abiit
337 3230 497 3298 Coburgum
527 3228 671 3293 11111111Ἰ
689 3226 739 3280 111
769 3229 947 3283 consiliarius
975 3230 1106 3302 intimus,

88 3301 183 3356 curiae
204 3301 386 3370 provincialis
411 3314 534 3354 assessor
556 3297 586 3350 et
609 3295 740 3350 scabinus
759 3299 916 3354 ordinarius
935 3300 1031 3356 factus
1051 3307 1105 3373 est,

88 3373 119 3428 in
142 3371 243 3440 quibus
268 3371 368 3424 officiis
391 3385 479 3438 usque
502 3367 540 3421 ad
556 3368 687 3427 mortem.
711 3384 783 3434 quae
803 3386 827 3423 a.
843 3375 912 3424 1603
932 3375 1032 3428 secuta
1051 3378 1106 3445 est,

124 3442 221 3496 nstitit.
275 3438 491 3506 290111111111,
507 3442 548 3492 11.
559 3436 619 3490 Oct.
631 3440 700 3489 1598
715 3437 848 3495 defrmcti.
904 3440 962 3495 291
977 3445 1107 3501 Michael

87 3459 249 3582 Virdungus
276 3512 486 3580 (1571-1637),
514 3524 540 3560 a.
564 3511 633 3559 1601
660 3506 838 3574 eloquentiae
866 3514 895 3565 et
917 3513 1107 3571 historiarum
