2400 3966
527 106 664 178 epistolae
754 196 758 202 .
1067 108 1111 173 83

98 278 154 339 quae
179 258 309 320 liberali
341 260 477 319 carmine
506 258 684 338 contribuis,
717 258 796 337 quod
823 257 879 319 tibi
906 258 1028 318 dictavit
1055 278 1115 318 non

97 347 191 410 leritas
224 356 283 410 aut
313 346 424 428 Fides,
456 347 510 408 sed
536 349 626 407 Amor
657 347 732 407 deus
759 348 808 407 illo
837 366 951 407 raerus.
999 347 1114 418 Quanto

96 446 175 499 umen
203 439 361 518 experior
390 436 530 497 aileetum
557 445 641 497 tuum
669 454 739 515 erga
767 455 813 495 me
838 437 1004 516 fortiorem,
1032 444 1113 496 tomo

95 531 171 608 uagis
193 527 258 588 tibi
284 525 418 605 obligor.
463 525 566 604 ltaque
590 526 707 605 quidvis
731 544 747 586 a
770 544 817 585 me
841 528 942 603 exigas
967 524 1114 603 postolos-

95 635 138 696 que
161 617 254 698 lieet,
284 615 404 676 nedum
432 613 581 675 distichon
607 616 640 674 in
667 608 907 693 Theopistum⁴⁰6
934 622 1033 695 tuum,
1066 617 1114 674 rui

93 705 173 788 breo,
202 706 262 767 eui
291 702 445 783 adplaudo
473 709 561 783 atque
585 702 717 765 adelamo
741 704 845 764 faustis
870 702 1032 783 ominibus,
1061 703 1114 763 sed

93 796 213 857 numeris
239 792 464 855 abundantiam
486 795 548 852 voti
570 795 630 853 mei
650 792 803 853 includere
822 811 882 852 non
901 811 1033 873 possum,
1055 795 1112 852 uti-

92 903 137 964 que
158 886 206 945 eis
233 901 255 945 a
277 880 389 943 multis
413 883 498 942 annis
521 882 663 943 desuetus
687 888 827 961 tanquam
850 901 938 942 verus
962 881 1113 943 illusarum

90 974 247 1053 transfuga.
299 968 416 1030 Videbo
443 977 556 1052 tamen,
588 990 626 1031 an
653 970 764 1050 aliquid
791 971 846 1031 hae
874 979 961 1032 nocte
989 972 1070 1031 reiut
1097 990 1113 1032 e

92 1081 197 1142 quercu
223 1059 412 1139 exsculpere
434 1067 547 1140 potero.
583 1059 709 1121 Mortem
732 1059 813 1120 Eliae
832 1060 980 1121 Reusneri
1004 1063 1113 1121 imitus

89 1151 227 1213 intellexi.
284 1148 390 1211 Indica
422 1167 532 1228 quaeso
565 1149 644 1210 diem
677 1142 829 1211 obitus⁴⁰⁷.
880 1150 993 1221 Quodsi
1025 1152 1114 1209 otiam

89 1241 279 1320 indicaveris
306 1257 365 1318 qua
388 1237 436 1299 die
458 1246 555 1299 terras
577 1238 630 1299 has
653 1238 809 1318 reliquerit
831 1239 924 1299 irater
943 1241 1008 1298 eius
1027 1237 1113 1297 Nitro-

88 1328 143 1392 laus
175 1320 333 1410 lCtus⁴⁰⁸,
366 1345 431 1388 rem
461 1327 536 1388 mihi
568 1329 675 1388 feceris
708 1330 915 1406 gratissimam.
962 1327 1054 1386 Immo
1088 1330 1114 1386 si

89 1422 187 1502 ausim,
212 1424 323 1498 petam
346 1435 364 1477 a
386 1423 437 1477 tua
459 1416 590 1477 bonitate
614 1419 717 1496 paucis
740 1418 813 1477 milri
836 1417 977 1497 indicare,
1002 1423 1074 1495 quot
1097 1435 1113 1475 a

88 1508 226 1588 pinibus
250 1508 343 1567 annis
362 1506 546 1585 professores
564 1509 657 1566 vestri
675 1505 746 1567 hine
764 1509 796 1566 in
815 1506 974 1566 coelestem
994 1505 1114 1565 abducti

89 1606 151 1659 sunt
178 1598 327 1678 patriam.
373 1594 411 1654 Et
437 1613 475 1655 ne
502 1595 604 1656 videar
627 1595 736 1655 oblitus
759 1598 935 1676 viventium,
960 1598 985 1654 si
1009 1614 1113 1655 eorum

87 1687 198 1748 natales
219 1684 394 1765 indagares,
412 1684 525 1744 iaceres
544 1683 619 1744 mihi
637 1703 700 1744 rem
720 1687 928 1762 gratissimam.
965 1685 1018 1744 llis
1037 1704 1113 1744 urru-

87 1776 161 1837 dinis
196 1773 312 1836 Aubrii
342 1771 532 1852 publicarunt
564 1773 732 1834 Chronioon
762 1768 1032 1854 chronicorumtii,
1065 1777 1114 1835 oui

87 1869 162 1926 inter
182 1863 247 1925 alia
266 1860 374 1922 titulus
392 1861 534 1922 natalium
554 1863 821 1941 emortualiumque
840 1880 900 1923 non
923 1864 1009 1923 modo
1029 1863 1113 1922 nobi-

86 1954 177 2015 litatis
216 1956 353 2030 sagatae,
385 1951 437 2011 sed
470 1956 500 2011 et
525 1957 650 2030 togatae.
696 1951 732 2011 Ei
760 1951 836 2011 libro
864 1951 972 2013 bonam
1001 1952 1113 2011 contuli

88 2032 307 2123 symbolam⁴¹⁰
322 2045 377 2120 et,
404 2042 464 2099 nisi
489 2047 616 2120 perstet,
647 2041 797 2101 conferam
821 2042 969 2120 deinceps.
1016 2040 1112 2100 Tuum

87 2149 211 2211 quoque
234 2121 411 2189 natalem⁴²¹
435 2131 541 2189 ceteris
566 2129 718 2209 adiunges.
760 2130 880 2190 Summa
905 2132 985 2190 enim
1008 2128 1044 2188 de
1068 2131 1113 2188 in-

87 2223 175 2300 genio
201 2226 257 2280 tuo
280 2224 310 2278 et
329 2217 474 2278 industria
494 2237 582 2298 spero
600 2237 760 2301 voveoque,
782 2219 917 2280 moribus
936 2221 1113 2297 praesertim

85 2318 145 2370 tam
169 2308 283 2369 niveis
328 2304 407 2367 Haeo
429 2306 589 2387 habebam,
613 2327 687 2387 quae
711 2309 832 2369 lectioni
855 2327 937 2369 meae
961 2309 1112 2367 accinctus

86 2402 146 2460 tuis
166 2413 353 2476 reponerem
371 2395 419 2455 die
440 2392 490 2456 11.
509 2396 587 2456 lunii
600 2396 742 2460 MDCXIV
755 2397 977 2476 Heidelbergae.
1013 2396 1112 2458 llabes

85 2488 153 2549 heic
189 2484 324 2547 inclusas
357 2484 393 2544 ad
421 2483 474 2546 Dn.
503 2480 738 2547 Sitzmanum⁴¹².
784 2487 853 2549 Vale
887 2495 916 2548 et
947 2486 1039 2568 salve,
1071 2489 1113 2547 mi

85 2574 254 2656 Hoeiliebi,
277 2592 295 2634 a
317 2576 362 2634 tui
385 2577 597 2636 amantissimo.

153 2665 255 2726 Immo
278 2682 295 2723 a
318 2662 444 2724 lectione
468 2665 572 2746 redux,
596 2667 695 2726 statim
718 2666 799 2727 istud
823 2666 878 2727 sub
902 2685 992 2726 manu
1010 2675 1112 2724 natum

87 2763 147 2837 est,
178 2753 261 2833 quod
290 2755 377 2832 aequi
399 2752 530 2833 bonique
554 2754 659 2836 iacias,
687 2757 755 2834 quia
778 2763 829 2816 tuo
853 2776 869 2816 a
894 2757 980 2834 genio
1005 2762 1112 2834 ortum,

86 2863 148 2906 non
175 2842 212 2904 ab
238 2844 358 2921 ingenio
381 2861 456 2904 meo.

180 2948 216 3011 ln
239 2948 434 3028 'l'heopistum
457 2949 672 3028 elegantissimi
694 2949 866 3010 Hoeiliehii.

131 3039 194 3112 Qui
217 3037 297 3099 bono
320 3037 386 3099 fidit
409 3057 552 3118 suamque
576 3039 693 3100 dedicat
716 3042 806 3099 vitam
829 3037 899 3118 Deo,

129 3128 213 3191 Huic
236 3126 334 3188 fluunt
356 3127 487 3189 seotmda
510 3146 638 3209 semper,
661 3128 731 3189 huie
754 3128 831 3189 favet
853 3121 1084 3210 Polyehorusi‘),

131 3219 255 3280 Saeriat
278 3215 393 3277 crebris
417 3236 595 3297 quamquam
618 3218 688 3278 hino
711 3223 742 3278 et
764 3218 833 3278 inde
857 3216 1084 3296 tempestatibus

130 3307 378 3386 Naufragumque
402 3309 451 3367 rix
474 3306 510 3367 ab
534 3307 622 3367 undis
647 3314 731 3366 eruat
754 3306 936 3367 clientulum.

84 3421 308 3436 ..------—

156 3484 184 3555 ³)
202 3477 352 3537 Pr0dueta
368 3495 395 3548 y,
415 3478 450 3533 cf.
469 3477 615 3534 Acheruns
634 3494 699 3532 eum
714 3494 732 3531 a
745 3477 844 3547 longa3
864 3476 926 3532 eod.
939 3475 1110 3532 Polieborus.

915 3565 950 3618 6*
