2400 3966
537 176 675 251 epistolae
1071 180 1113 247 67

87 335 214 397 hhoras
244 334 400 395 nuntium
426 330 523 409 Spira.
569 328 699 410 lnunc,
727 346 803 407 nega
826 328 962 410 dignum,
990 332 1041 408 qui
1068 337 1115 392 ter

86 425 270 504 uubagetur
295 421 350 483 his
374 420 550 497 naufragus.
604 418 714 479 Verum
742 436 836 478 ovos
864 436 974 497 quaeso
1002 421 1114 481 mitius

87 514 147 575 Satis
173 512 263 574 ultro
294 511 385 572 venit
411 506 569 569 malorum.
611 506 714 568 Potius
742 513 854 588 optate,
886 525 936 567 res
964 507 1049 567 cedat
1077 526 1113 568 ex

86 611 150 665 roto:
172 604 223 664 sic
246 615 415 679 nunquam
439 598 556 677 sciatis,
579 596 650 676 quid
674 598 714 657 sit
736 596 853 656 viduari
875 594 985 675 probae
1009 599 1112 657 uxoris

86 694 175 772 pimis
200 688 379 752 amoribus.
426 686 463 747 ln
491 702 549 764 quo
577 687 677 746 omine
701 686 772 745 finio
795 692 898 766 teque,
921 687 963 745 mi
985 684 1112 746 Ritters-

86 780 152 862 lusi,
183 779 271 861 plur.
308 776 411 838 valere
443 773 544 854 iubeo,
576 781 691 835 certum
724 776 817 835 amari
849 794 865 835 a
893 792 940 834 me
968 773 1111 835 Plautinis

86 869 170 932 urbis
189 867 335 930 oculitus
354 866 566 942 animitusque.

118 975 413 1054 heidelbergae,
437 971 487 1031 die
512 967 759 1052 16.1an.1601,
781 978 814 1031 ut
838 969 918 1030 soleo
942 975 1058 1051 raptim.

413 1078 496 1138 Tuus
521 1079 602 1138 omni
625 1077 723 1138 officio
746 1078 852 1138 lanus
876 1076 1064 1140 Gruterus.

297 1267 342 1337 hl.
375 1269 402 1337 Ι.
426 1266 586 1337 Gruterus
610 1269 641 1337 G:
664 1268 900 1337 Rittershusio.

86 1389 354 1463 heidelbergae.
863 1397 905 1446 12.
924 1391 1006 1448 Mart.
1028 1397 1105 1450 1601.

140 1494 170 1556 S.
190 1492 227 1554 P.
262 1489 307 1551 Mi
325 1486 398 1548 Due.
416 1486 607 1549 Rittershusi.
640 1487 769 1566 Nuperis
788 1481 908 1548 meis³³⁰
926 1490 1106 1567 petierama

85 1591 109 1644 te
136 1591 168 1645 et
201 1581 283 1642 Duo.
316 1575 428 1638 Gentili
450 1575 653 1656 Epigramma
671 1579 703 1637 iu
731 1577 945 1655 Inscriptiones
978 1585 1104 1660 nostras,

85 1673 210 1754 sedita,
239 1670 290 1730 uti
313 1666 433 1728 demum
460 1665 491 1726 id
519 1666 697 1745 exigendum
724 1673 861 1745 putarem
888 1675 956 1746 post
986 1686 1103 1729 annum.

83 1760 161 1823 hune
181 1761 269 1822 scias
287 1756 470 1836 typographo
489 1757 586 1816 visum
605 1756 694 1816 edere
716 1762 832 1835 partem
850 1759 977 1836 primam
996 1759 1103 1818 futuris

84 1851 233 1913 nundinis.
264 1845 368 1924 Itaque
385 1845 470 1906 vides
488 1846 578 1905 etiam
596 1853 710 1906 tantum
729 1864 789 1906 non
807 1847 1102 1928 repraesentandum3

86 1940 157 2021 quod
180 1940 231 2000 uti
256 1942 301 2016 tu,
322 1936 365 1994 mi
386 1933 457 1995 Due.
482 1932 616 2016 Gentilis,
640 1942 673 1996 tu
692 1938 736 1995 mi
754 1935 825 1996 Due.
845 1934 987 2018 Conrade,
1011 1937 1101 1997 iacias

85 2030 247 2109 plurimum
276 2042 399 2105 quaeso,
425 2042 486 2085 non
512 2032 574 2085 tam
605 2043 672 2086 meo
700 2028 819 2086 nomine
848 2045 935 2105 quam
960 2026 1102 2104 Scaligcri

41 2114 43 2157 ἕ
86 2116 269 2196 acWelseri,
288 2131 414 2193 quorum
432 2115 574 2192 auspiciis
589 2132 664 2194 opus
679 2115 751 2175 illud
770 2115 882 2176 absolvi
901 2123 930 2176 et
945 2117 976 2175 in
991 2132 1099 2193 corpus

86 2226 172 2270 unum
201 2203 315 2282 redegi.
360 2201 402 2264 De
429 2222 462 2264 re
491 2203 595 2286 altera3
628 2207 670 2266 ita
698 2207 787 2265 etiam
815 2212 873 2266 est:
905 2204 1008 2265 videor
1029 2221 1098 2264 mox

41 2286 44 2401 i
88 2297 200 2359 murus
224 2311 361 2374 sponsus.
395 2293 496 2372 ltaque
520 2301 550 2354 et
573 2302 672 2356 vestra
694 2302 762 2355 vota
780 2295 860 2356 velut
877 2294 1027 2356 Musarum
1047 2311 1098 2352 ore

41 2404 44 2437 τ
88 2387 202 2465 profusa
225 2382 310 2444 avide
333 2381 493 2462 expectabo
520 2391 589 2463 post
611 2379 775 2446 Pascha331.
822 2385 854 2445 Si
877 2403 925 2445 res
948 2382 1098 2462 procedet,

87 2493 190 2536 nomen
220 2470 342 2533 habebit
373 2472 547 2535 catharinae
580 2467 791 2536 Stocheliae³32
823 2491 967 2536 annorum
998 2470 1097 2552 XXIV,

89 2567 163 2644 u'rgo
195 2561 331 2623 moribus
363 2569 394 2624 et
420 2563 503 2624 vultu
535 2563 716 2626 liberalibus.
762 2563 916 2626 Famiham
948 2582 985 2625 an
1013 2563 1095 2622 noris

88 2656 196 2734 nescio,
228 2652 288 2712 uisi
313 2653 389 2712 sorte
417 2657 571 2733 cognoscis
594 2654 859 2734 procancellarium
882 2662 1018 2715 nostrum
1040 2651 1093 2713 Dn.

90 2741 290 2823 Culmannum,
321 2743 407 2803 cuius
433 2746 532 2823 neptis
560 2752 606 2806 est
629 2764 684 2825 per
710 2748 812 2806 uxoris
841 2763 987 2827 sororem,
1020 2760 1093 2821 quae

90 2839 128 2893 ut
149 2831 225 2892 Zum
245 2829 417 2914 Lambiana,
445 2853 520 2913 quae
544 2835 655 2896 familia
682 2835 731 2896 hic
754 2842 785 2896 et
808 2835 911 2914 Spirae
935 2831 1093 2895 admodum

90 2920 190 2982 nobilis
210 2938 265 3000 per
287 2939 380 2982 annos
402 2922 504 2986 CCCC.
550 2923 638 2987 Pater
660 2927 720 2985 nisi
748 2923 834 2986 fallor
861 2933 911 2984 aut
934 2922 1090 2983 advocatus

91 3008 139 3071 tuit
160 3017 210 3072 aut
231 3028 365 3072 assessor
387 3011 499 3093 Spirae.
536 3014 648 3095 Recepi
671 3015 772 3076 literas
796 3032 892 3093 nuper
915 3030 931 3071 a
953 3010 1006 3071 Dn.
1025 3006 1090 3067 Pic-

91 3106 163 3161 carto
184 3106 295 3182 vestro,
322 3101 429 3180 quihus
452 3103 607 3185 multiplex
631 3104 775 3166 debebam
798 3117 976 3182 responsum
999 3104 1029 3159 et
1052 3095 1089 3155 oh

92 3203 210 3250 amorem
231 3197 261 3250 et
288 3188 325 3250 ob
348 3191 522 3273 elegantiam
550 3197 664 3276 ingenii
692 3197 757 3256 eius
785 3199 815 3254 et
838 3190 875 3252 ob
898 3188 1089 3270 praeconium

92 3292 179 3339 neum
196 3279 382 3345 immeritum.
413 3284 471 3346 Sed
491 3287 550 3346 iam
572 3286 661 3346 modo
685 3284 779 3345 redux
798 3281 834 3343 ab
854 3279 1089 3342 deambulation-

92 3364 147 3427 tula
167 3386 233 3429 cum
254 3367 371 3433 Melissa
393 3383 424 3436 et
447 3383 608 3456 occupatus
626 3375 723 3436 literis
742 3373 817 3454 aliis,
840 3390 913 3450 quas
933 3371 1088 3450 expectant

93 3458 176 3517 nuntii
197 3457 316 3540 aliquot,
338 3478 456 3548 quaeso,
479 3469 524 3526 uti
546 3465 742 3528 taciturnitati
764 3480 847 3522 meae
867 3464 1009 3540 ignoscat,
1031 3455 1087 3515 hoo

92 3541 198 3607 metim
224 3553 322 3609 certus
349 3558 441 3616 amari
469 3575 556 3617 ame
585 3562 673 3634 atque
697 3553 861 3632 aestimari,
893 3553 938 3611 uti
964 3549 1086 3609 affectus

891 3649 926 3702 ὅ*

1065 3704 1091 3748 Δ
