2400 3966
448 183 486 238 ed
505 181 550 239 W.
570 180 728 239 Meurerum
849 178 853 182 ’
1071 181 1092 244 9

84 333 264 413 scripseram,
288 351 363 412 quas
386 351 425 394 ne
449 333 560 394 trustra
582 335 739 414 exararim,
762 340 793 393 et
814 332 863 392 hic
886 332 1005 392 brevior
1028 349 1094 392 esse

83 424 199 503 possim,
228 439 300 482 cum
326 423 376 482 his
403 424 480 501 ipsis
507 422 543 484 ad
570 429 600 483 te
624 425 718 483 mitto.
765 422 836 482 Tuis
860 428 972 501 autem,
995 420 1093 481 Vuoll-
1175 478 1179 486 .

83 529 180 592 gange,
208 505 390 592 εὐαγγέλια
419 511 523 572 deberi
550 512 657 593 fateor,
686 511 764 591 quod
793 528 845 571 eae
874 512 934 569 sint
961 512 1094 570 omnium

83 603 202 682 primae,
226 619 304 680 quas
327 619 364 661 er
389 600 559 682 Germania,
582 619 672 680 quam
695 601 747 661 diu
768 593 850 660 hic⁴²
873 617 949 680 sum,
972 601 1093 677 accipio.

83 687 137 760 Qua
163 693 233 770 ipsa
261 709 298 751 cx
327 709 360 751 re
385 708 474 769 quam
496 690 702 751 incredibilem
725 690 868 751 laetitiam
892 707 928 749 ex
952 688 1093 748 diuturno

84 778 225 840 desiderio
250 781 398 861 ceperim,
426 778 592 858 intelligere
615 778 754 841 facillime
777 786 870 858 potes.
912 777 998 849 Quod
1022 795 1093 838 sane

84 883 162 929 omen
186 876 309 929 sanctae
333 869 488 930 cuiusdam
511 871 729 930 coniunctionis
752 869 826 929 mihi
848 867 985 947 praebuit
1003 867 1093 946 idque

84 959 117 1017 ita
133 956 234 1019 libens
252 961 378 1039 accipio,
399 954 434 1019 ul
451 964 481 1018 te
500 961 581 1018 omni
599 961 714 1019 ratione
732 950 793 1018 hu
813 957 909 1018 solum
928 956 1094 1036 amandum,

85 1046 129 1107 sed
157 1047 318 1108 colendum
346 1054 376 1107 et
403 1049 435 1108 in
463 1045 556 1108 oculis
585 1050 742 1126 animoque
770 1053 914 1127 perpetuo
938 1046 1093 1106 terendum

84 1143 186 1215 putem.
233 1136 395 1198 Excusatio
427 1143 477 1197 tua
509 1136 545 1197 de
578 1135 733 1198 literarum
761 1138 983 1197 intermissione
1011 1143 1093 1213 grata

86 1225 198 1303 quidem
223 1226 290 1307 luit,
313 1226 366 1286 sed
388 1233 450 1287 tam
472 1225 524 1286 diu
546 1245 595 1287 me
619 1228 794 1287 suavissimo
818 1227 926 1306 lructu,
950 1242 1039 1304 quem
1057 1242 1093 1282 ex

85 1323 130 1374 tuo
152 1314 302 1394 colloquio
327 1317 420 1396 capio,
443 1317 576 1376 corruisse
599 1315 811 1396 permolestum
834 1313 951 1375 accidit.
993 1312 1094 1372 Status

41 1437 43 1471 ς
87 1401 255 1465 Germaniae
287 1403 477 1465 turbulentus
509 1423 557 1465 me
589 1423 650 1465 non
681 1404 809 1466 delectat
840 1410 871 1464 et
903 1402 988 1462 doleo
1022 1420 1092 1462 sane

41 1540 43 1547 .
88 1491 236 1554 llorentem
268 1495 395 1573 patriam
426 1501 558 1554 nostram
589 1494 743 1555 hominum
771 1492 977 1554 audacissimis
1006 1491 1094 1551 soriis

88 1582 242 1643 uexandam
274 1601 308 1643 ac
335 1582 558 1643 dilacerandam
586 1583 723 1662 relinqui.
771 1583 851 1654 Quos
879 1600 947 1642 cum
976 1583 1093 1641 inscitia

90 1670 120 1730 ad
141 1689 189 1732 res
213 1689 334 1750 magnas
357 1672 524 1733 tractandas
543 1671 664 1733 inutiles
683 1673 815 1753 iaciatt
802 1680 865 1733 tum
885 1673 1038 1732 temeritas
1057 1690 1093 1731 eo

91 1777 176 1839 usque
198 1761 348 1842 perducit,
375 1769 408 1822 ut
436 1761 494 1822 sibi
514 1780 641 1823 munera
664 1761 759 1823 aliena
783 1779 901 1823 sumere
920 1779 984 1832 non
1008 1759 1093 1820 dubi-

91 1855 154 1910 tent
197 1849 269 1910 Dico
302 1858 401 1911 autem
434 1850 616 1913 sacrificulos
644 1851 802 1932 quosdam,
834 1849 912 1929 quod
940 1850 1093 1909 hominum

93 1955 176 2015 genus
203 1939 265 2000 lere
293 1957 412 2019 semper
438 1943 640 2019 perniciosum
668 1940 758 2001 rebus
785 1940 923 2001 humanis
947 1939 1039 2000 fuisse
1064 1946 1095 1998 et
1121 1956 1127 1965 ·

41 2084 43 2103 ἰ
93 2025 223 2088 historiae
251 2036 385 2089 veterum
412 2036 560 2090 testantur
588 2037 617 2109 et
645 2037 725 2090 aetas
752 2037 855 2090 nostra
882 2047 937 2090 nos
961 2029 1093 2106 experiri

41 2156 43 2161 -
95 2118 171 2197 cogit,
192 2124 225 2177 ut
247 2124 328 2178 recte
352 2118 472 2197 quidem
490 2118 618 2179 Lazarus
637 2111 846 2181 Βοιιιιιιιίειιι43
864 2135 967 2177 omnes
987 2134 1038 2175 eos
1057 2116 1093 2175 ad

96 2221 182 2266 remos
208 2206 391 2268 damnandos
418 2215 448 2267 et
475 2226 550 2286 pane
578 2207 629 2268 illo
657 2206 704 2269 his
733 2214 831 2287 cocto,
861 2223 950 2283 quem
979 2212 1094 2284 vocant,

43 2370 46 2375 Ι
97 2291 202 2354 alendos
229 2314 296 2357 esse
324 2296 425 2358 dicere
452 2296 599 2378 videatur,
627 2299 668 2357 ita
695 2299 775 2358 enim
803 2297 950 2374 futurum,
977 2298 1010 2352 ut
1034 2296 1094 2353 sint

99 2386 199 2444 evasuri
220 2384 304 2467 tales,
328 2384 429 2465 quales
453 2404 519 2446 esse
542 2388 650 2446 merito
674 2385 830 2465 debebant,
853 2384 909 2444 hoc
928 2390 982 2462 est,
1006 2385 1093 2442 easti-

100 2472 148 2546 gau
176 2481 204 2534 et
235 2492 356 2535 suarum
385 2481 500 2535 tantum
531 2493 633 2536 rerum
664 2477 782 2536 curiosi.
828 2473 874 2534 lle
902 2473 1094 2533 vehementer

101 2559 202 2636 pridem
220 2571 348 2644 movent,
366 2562 449 2623 illinc
467 2566 556 2625 tacita
573 2564 721 2624 bonorum
739 2571 769 2624 et
787 2564 942 2624 doctorum
961 2563 1102 2636 virorum,

101 2647 204 2734 iudicia,
234 2653 305 2714 hinc
337 2670 440 2714 earum
467 2655 634 2733 nationum,
667 2672 741 2731 quae
769 2651 910 2733 capitales
937 2651 1093 2713 nobiscum

103 2744 252 2802 exercent
243 2743 373 2802 inimicit
373 2744 426 2822 ias,
449 2740 541 2802 laetae
566 2749 653 2820 atque
677 2742 809 2803 exultt
746 2749 809 2803 tant
811 2762 843 2803 es
866 2762 961 2803 voces
1005 2740 1092 2800 Prae-

102 2825 170 2903 cipue
192 2838 241 2891 aut
243 2849 291 2891 em
314 2849 399 2891 sacro
417 2789 476 2890 llei
498 2830 589 2890 verbo
612 2833 785 2912 nominique
809 2831 917 2892 Christ
896 2839 991 2909 trano,
1013 2829 1093 2933 quod

102 2911 170 2988 pleno
193 2938 243 2980 ore
267 2922 407 3000 iactatur,
429 2926 542 2980 tantam
564 2918 661 2980 labem
685 2929 772 3000 atque
793 2923 988 3003 ignominiam
1012 2920 1093 2977 inuri

102 3005 154 3077 quis
179 3026 287 3087 quaeso
315 3027 408 3088 aeque
436 3011 642 3113 patienterque
667 3007 764 3071 ferat?
801 3010 876 3089 Spes
898 3011 981 3088 pacis
1005 3013 1093 3084 atque

102 3099 305 3173 conpositionis
332 3099 364 3157 in
391 3101 581 3177 paucissimis
610 3101 665 3159 sita
693 3107 752 3180 est,
785 3116 912 3178 quorum
941 3099 970 3157 si
994 3095 1093 3156 exclu-

102 3175 194 3244 duntur
216 3186 348 3268 consilia,
372 3187 443 3266 quid
466 3187 585 3248 tandem
608 3188 741 3249 futurum
764 3182 965 3266 auguramur?
1008 3187 1093 3258 Quod

102 3267 178 3333 lad
210 3293 290 3335 arma
321 3278 470 3357 veniatur,
502 3279 629 3338 maxima
660 3277 758 3338 clades
784 3276 872 3337 bonis
900 3276 1042 3337 studiis
1033 3294 1093 3336 ram

101 3361 218 3422 nonnihil
241 3366 386 3446 excitatiS,
409 3373 489 3426 certa
512 3368 662 3445 pernicies
685 3365 853 3444 religioni
845 3384 876 3426 ιιι
894 3365 991 3426 lucem
1010 3383 1093 3425 revo-

102 3450 151 3508 cari
180 3459 299 3532 coeptae
330 3454 521 3533 impendehit.
568 3454 683 3526 Quibus
715 3458 833 3516 amissis
860 3472 898 3516 ne
926 3454 1094 3515 libertatem

103 3537 207 3609 quidem
230 3544 307 3602 tueri
330 3544 361 3602 in
385 3549 465 3603 tanta
489 3544 663 3605 confusione
686 3552 834 3625 poterunt.
872 3542 956 3613 Quod
979 3561 1016 3602 ne
1036 3541 1094 3616 liat,
