2400 3966
537 108 675 181 epistolae

283 305 347 377 40.
381 306 409 377 Ι,
433 308 594 378 Gruterus
616 309 648 378 G.
670 308 905 379 Rittorshusio.

98 431 360 502 Heidelbergae.
827 437 868 488 17.
887 430 967 486 Febr.
990 431 1109 487 15962³t

145 528 173 589 S.
192 527 227 589 P.
265 526 365 608 Tuas,
398 526 507 606 quibus
539 527 706 607 adscriptus
735 526 832 588 XXIV.
860 526 1012 606 Decemb,
1043 524 1109 586 heri

96 616 199 678 demum
219 615 341 678 obtulit
359 617 560 677 amicissimus
577 619 735 696 utriusque
753 624 890 677 nostrum
907 614 940 676 D.
959 613 1109 675 Freherus

96 706 223 786 deditque
249 712 286 792 et
311 705 350 766 ad
374 723 408 766 se
429 712 496 766 tuas
519 703 672 786 legendas,
701 703 809 784 quibus
837 708 880 765 sic
908 707 1036 765 strictim
1063 722 1110 763 re·

93 795 243 875 spondebo.
286 793 549 855 Intermissionem
567 793 721 855 literarum
738 797 770 854 in
793 793 874 853 nullo
893 793 969 854 duco
993 794 1108 854 damno.

93 882 165 945 lides
187 902 331 962 namque
361 885 509 943 amicitiae
535 885 666 962 pectoris
693 882 837 961 religione
861 891 1014 964 censetur3
1044 901 1109 943 eam

91 992 144 1034 enm
162 973 249 1054 apud
268 980 304 1032 te
323 972 426 1050 vigere
445 970 582 1053 arbitrer,
605 974 815 1032 securissimus
835 990 909 1033 sum.
941 971 1043 1051 ltaque
1061 971 1109 1031 vel

90 1080 157 1124 amc
179 1063 305 1142 gratias
329 1077 394 1141 ago,
418 1059 498 1139 quod
520 1078 568 1121 me
592 1062 659 1121 istis
682 1060 804 1122 demum
826 1060 1027 1121 honoraveris.
1072 1061 1110 1120 At

89 1170 181 1213 uersus
204 1153 257 1212 tui
283 1151 480 1230 praeconium
498 1167 597 1210 meum
616 1151 681 1210 iure
701 1168 754 1211 suo
773 1149 981 1230 merebuntur,
1004 1156 1035 1208 et
1053 1166 1107 1208 uae

88 1241 239 1302 ustodio
266 1240 394 1318 iniquus
422 1256 455 1299 es
482 1240 514 1299 in
540 1244 622 1299 tuam
649 1238 773 1318 prolem.
819 1237 881 1316 Ego
909 1237 1005 1297 adhuc
1031 1235 1109 1296 vale-

88 1330 180 1391 tudine
204 1336 294 1409 utor,
319 1346 378 1407 qua
401 1327 527 1408 dudum,
557 1328 651 1388 fracta
678 1346 785 1407 nempe
813 1335 844 1387 et
865 1326 1004 1405 molesta,
1027 1325 1108 1385 vide-

87 1427 189 1499 turque
208 1416 344 1479 morbus
366 1434 428 1477 non
450 1434 625 1477 recessurus
648 1425 716 1478 ante
739 1416 856 1478 Maium.
902 1414 987 1476 Unde
1010 1414 1053 1494 fit,
1075 1421 1109 1475 ut

87 1526 134 1569 nec
156 1507 262 1568 Musis
285 1524 344 1566 uec
367 1504 489 1566 Musicis
512 1505 597 1566 facile
620 1524 730 1587 vacem,
753 1507 864 1567 nedum
886 1504 1038 1565 Plautinae
1060 1522 1109 1565 me

39 1600 41 1607 '
86 1597 146 1658 dem
170 1596 406 1675 comparationi.
443 1594 475 1655 Si
493 1596 586 1674 igitur
608 1598 724 1656 occasio
744 1603 798 1675 est,
822 1613 931 1675 quaeso
950 1603 981 1655 te
1000 1612 1109 1655 excusa

84 1704 125 1747 me
149 1684 356 1763 camerariis,
384 1682 463 1762 quod
490 1690 550 1744 tam
577 1683 630 1745 diu
653 1683 743 1745 Codd.
772 1687 906 1764 ipsorum
934 1678 1106 1745 mecum²³⁸.

84 1773 304 1835 custodientur
317 1779 417 1833 wmen
434 1772 542 1851 pudice
557 1779 587 1833 et
601 1773 738 1855 fideliter,
758 1773 897 1854 soleoque
916 1776 991 1834 meis
1010 1775 1107 1833 visen-

83 1862 161 1924 tibus
196 1859 364 1922 ostendere
396 1879 452 1922 ceu
480 1862 663 1923 thesaurum.
718 1863 760 1923 lle
792 1860 1107 1924 Animadversiouibus

84 1954 157 2012 meis
195 1951 312 2010 mirum
349 1949 446 2010 audio.
497 1950 584 2011 Certe
621 1952 792 2013 mandaram
829 1951 1026 2030 Commelino‚
1062 1952 1107 2010 uti

85 2038 244 2120 exemplar
271 2039 339 2099 eius
368 2038 501 2117 Scipioni
524 2038 635 2100 Gentili
662 2048 765 2100 nostro
793 2032 1050 2118 committeret²³⁹,
1078 2046 1109 2097 et

84 2129 120 2189 id·
134 2129 254 2189 factum
276 2144 348 2205 prae
372 2145 404 2188 se
427 2126 503 2188 tulit.
548 2127 651 2190 Restat
673 2132 780 2211 igitur,
806 2137 840 2190 ut
861 2129 1007 2207 proximis
1030 2145 1106 2186 nuu-

84 2217 165 2278 dinis
188 2214 324 2288 aliquem
345 2215 464 2297 habeas,
488 2218 540 2295 qui
563 2216 599 2277 ab
623 2237 658 2279 eo
681 2227 733 2279 tuo
757 2220 877 2279 nomine
902 2218 1013 2296 exigat3
1040 2218 1106 2294 ipse

83 2309 165 2367 enim
189 2303 306 2383 alioqui
328 2303 489 2366 obliviosus
517 2312 582 2366 tum
603 2326 675 2386 prae
704 2310 892 2387 negotiorum
915 2304 1106 2365 multitudine

83 2398 131 2456 vix
170 2395 222 2456 sui
258 2395 402 2455 meminit
456 2393 635 2477 Epistolam,
672 2398 703 2456 in
736 2416 793 2476 qua
827 2387 1031 2477 scripseras*)
1069 2392 1106 2452 de

84 2482 227 2564 Querolo,
250 2500 312 2543 non
334 2485 443 2563 recepi.
480 2483 620 2545 Gratulor
643 2502 714 2563 ergo
737 2504 818 2547 nunc
840 2485 923 2566 mihi,
947 2484 1026 2564 quod
1051 2481 1106 2542 tibi

83 2592 145 2634 non
158 2571 351 2651 displicuerit
364 2591 429 2633 mea
443 2573 605 2652 parrhesia.
629 2573 735 2636 Colero
751 2583 831 2636 certe
841 2576 951 2636 sactum
964 2591 1106 2654 cuperem

84 2662 122 2724 ob
141 2660 308 2742 lielissum,
332 2664 383 2741 qui
407 2680 476 2723 eum
498 2663 572 2723 mihi
586 2665 669 2740 serio
693 2664 918 2725 commendavit.
951 2665 1011 2726 Sed
1034 2662 1106 2743 quid

83 2751 134 2812 ille
162 2748 320 2813 sterilibus
347 2753 414 2811 istis
443 2769 475 2811 se
503 2749 649 2831 occupat?
693 2753 848 2832 Arriperet
874 2753 1019 2813 fertiliora
1047 2751 1106 2830 illa,

85 2859 161 2920 quae
179 2838 232 2900 DE
249 2838 349 2899 ΡΑΝΕ
367 2838 575 2901 LUCRANDO.
603 2841 673 2902 lena
692 2849 791 2903 tamen
815 2843 891 2902 forte
911 2841 1002 2921 dabit,
1026 2838 1105 2917 quod

85 2937 175 3010 optat
217 2927 429 2989 Nam·ihidem
451 2929 587 2991 versibus
607 2948 694 2991 suum
718 2939 764 2992 est
786 2934 925 3011 pretium,
949 2928 986 2989 oh
1010 2927 1104 2987 Reus-

86 3010 253 3099 nemmm,
276 3020 328 3096 qui
349 3016 459 3078 talibus
484 3019 592 3097 oppido
616 3022 740 3098 capitur.
782 3020 951 3099 Oppianum
973 3014 1106 3096 gratulor

85 3108 230 3170 incidisse
253 3108 285 3168 in
304 3106 407 3167 felices
425 3124 531 3167 manus
549 3102 788 3187 Raphelengiiiss
811 3111 1017 3169 etiamnunc
1036 3123 1104 3165 eum

86 3197 193 3260 absens
213 3195 306 3278 inhio,
330 3198 422 3256 immo
441 3195 558 3256 devoro.
595 3197 632 3256 At
651 3215 781 3278 carmen,
805 3197 883 3276 quod
904 3199 933 3257 ei
952 3195 1105 3273 debebam,

86 3288 149 3349 iure
177 3287 288 3348 merito
317 3283 470 3363 imputabo
499 3280 713 3368 Guntheroffl,
745 3294 850 3366 poetae
883 3288 931 3348 sui
962 3283 1105 3363 temporis

85 3410 299 3419 ——-——--.

156 3480 184 3548 *)
204 3475 272 3533 coa.
290 3476 462 3543 scripseram.
822 3532 825 3541 ,
1015 3548 1018 3554 ,

909 3564 945 3617 4*
