2400 3966
98 187 141 254 14
462 148 465 154 1
532 187 679 269 Epistolae

96 336 234 419 Principe
264 341 386 420 accepit.
440 339 586 400 Salarium
617 346 663 400 est
692 340 814 401 ducenti
843 339 964 420 floreni,
999 332 1119 422 domus,
1148 370 1153 390 ι

95 432 201 511 vestis,
230 428 322 510 ligna,
353 447 436 510 ores,
464 428 569 509 boves,
595 430 693 509 porci,
719 431 868 510 triticum,
894 429 1054 510 hordeum,
1079 429 1118 490 ad
1149 462 1154 483 ι

96 519 299 580 sustinendam
322 537 387 582 rem
409 517 594 579 familiarem.
631 516 675 578 Ita
697 520 840 579 nimirum
862 517 942 579 illius
966 521 1117 601 tenuitati,
1146 549 1154 591 ι

95 611 126 669 in
150 627 208 688 qua
231 626 324 669 annos
346 606 424 668 XXV
450 609 482 666 in
510 606 557 666 his
585 607 757 686 regionibus
786 610 974 668 continenter
1001 607 1116 668 docens
1146 643 1154 678 s

94 698 168 759 vixit
194 699 226 757 iu
251 695 352 757 labore
376 702 406 756 et
428 697 570 775 patientia
593 694 826 775 benignissimus
848 698 1002 776 prospexit
1025 695 1115 759 Deus
1148 731 1154 755 a

95 786 165 866 Cui,
195 797 229 846 ut
258 787 342 866 nori,
376 792 410 845 tu
440 784 596 846 nobiscum
626 787 713 846 amici
742 788 863 845 nomine
893 787 1003 864 gratias
1034 803 1114 865 ages.
1148 818 1154 861 Ξ

95 875 243 948 Discedet
267 875 365 955 credo,
390 873 449 935 Cal.
464 873 550 935 lunii.
587 873 671 944 Quod
690 875 805 935 sicum
824 874 856 934 D.
872 868 1115 935 (lumerstadiolo

96 982 195 1025 coram
219 963 303 1024 luero
323 962 448 1044 locutus,
471 963 507 1024 ad
527 957 720 1023 Tomaeum⁷l
744 964 882 1044 scribam,
904 971 938 1024 ut
961 966 1052 1024 etiam
1075 963 1114 1025 de
1151 998 1153 1005 ·

94 1071 148 1113 suo
173 1060 251 1113 statu
275 1055 314 1113 sit
337 1054 454 1113 certior.
492 1050 608 1112 Gratias
630 1051 686 1111 tibi
705 1070 768 1134 ago,
792 1052 875 1132 quod·
890 1052 991 1113 fratris
1010 1052 1114 1114 literas

94 1141 130 1202 ad
153 1160 201 1202 me
224 1143 353 1222 miseris,
376 1160 449 1221 quas
472 1141 519 1201 his
542 1158 648 1201 rursus
671 1135 819 1202 inclusi72.
856 1141 935 1202 Deus
958 1142 1057 1222 faciat,
1079 1148 1115 1203 ut

93 1230 177 1292 illum
196 1231 274 1291 diem
295 1232 514 1310 quamprimum
532 1229 658 1310 videam,
682 1248 740 1309 quo
760 1233 816 1291 sim
836 1249 903 1292 cum
923 1233 1012 1311 meis3
1036 1230 1115 1291 nibil

93 1323 174 1380 enim
197 1320 271 1381 mihi
293 1320 350 1380 hoc
373 1321 434 1380 otio
453 1325 483 1380 et
505 1322 566 1379 ista·
585 1317 745 1379 solitudine
768 1323 887 1398 gravius
911 1327 999 1398 atque
1018 1319 1113 1380 mole·

93 1412 177 1470 stius.
223 1409 264 1469 Te
289 1416 357 1489 opto
385 1408 483 1469 valere
512 1409 662 1469 oum'tuis
686 1407 834 1469 omnibus.
881 1408 922 1468 lle
946 1408 1114 1470 Camerarii

5 1500 8 1505 ’
93 1499 220 1559 adventu
239 1500 265 1557 si
284 1516 367 1577 spem
386 1497 487 1577 habes,
510 1497 583 1557 mihi
602 1498 746 1578 significa,
768 1505 870 1577 repete
891 1515 1000 1576 quaeso
1021 1503 1129 1577 atque·

93 1605 204 1665 usurpa
228 1589 345 1665 saepius
373 1587 574 1647 intermissam
600 1586 744 1649 hactenus
773 1587 924 1647 scribendi
951 1594 1115 1648 cousuetu-

92 1675 201 1735 dinem.
242 1674 320 1735 Vale.

140 1773 402 1867 (Calcareuthi)
413 1781 487 1841 ‘ruri
505 1780 542 1840 ad
559 1779 714 1863 Rederam,
732 1801 777 1861 pr.
797 1781 856 1843 Cal.
875 1781 944 1841 blaii
961 1781 1097 1852 MDLllI.

670 1887 845 1971 Georgius
868 1887 1069 1951 Fabricius.

162 2013 260 2074 Fratri
285 2012 390 2074 Iacobo
417 2021 451 2074 ut
474 2015 631 2097 rescribas,
652 2023 683 2076 te
706 2033 786 2094 rogo.

273 2239 318 2310 13.
355 2241 429 2309 llsr.
452 2229 664 2330 Rudingerus
687 2242 741 2310 W.
763 2242 927 2311 11611616.

94 2347 127 2416 (Ε
147 2346 231 2401 ludo
249 2346 430 2417 Portensi).
878 2352 904 2402 4.
922 2345 988 2401 Dee.
1008 2350 1115 2419 (1547).

182 2525 189 2538 .
205 2525 211 2538 .
231 2476 267 2537 Μ.
277 2477 458 2556 Vuolfgango
467 2476 604 2538 Meurero
619 2475 785 2536 academiae
795 2475 949 2557 Lipsensis
962 2481 1113 2541 rectori..

99 2567 130 2627 V.
150 2568 308 2626 Decembr.
327 2559 457 2626 154773.

179 2653 208 2714 S.
222 2653 254 2713 ll.
273 2651 449 2732 Requirenti
462 2647 591 2714 loach.⁷4
608 2652 662 2712 has
680 2652 717 2712 ad
736 2659 766 2712 te
786 2653 900 2715 litteras
918 2655 1002 2736 dedi,
1026 2657 1108 2735 quod

90 2751 120 2804 et
147 2761 260 2803 morem
287 2743 346 2820 ipsi
373 2742 536 2821 gerendum
564 2748 714 2822 putarem,
742 2749 772 2802 et
794 2743 850 2803 tibi
872 2762 932 2804 non
955 2747 1108 2823 ingratum

22 2854 25 2859 ·
89 2833 221 2895 futurum
245 2831 425 2892 confiderem
449 2831 580 2892 officium
603 2848 716 2911 meum3
745 2848 814 2891 nam
840 2832 917 2910 quod
942 2833 1107 2895 scriberem

88 2940 212 3002 prorsus
235 2939 295 2982 non
321 2918 474 2981 habebam.
520 2919 693 2979 Dimisimus
721 2926 819 2979 autem
847 2921 926 2981 hunc
954 2922 990 2982 ad
1019 2942 1106 2984 orna-

88 3018 257 3073 mentorum
281 3028 404 3071 suorum
427 3011 603 3088 petitionem
634 3007 754 3087 cupide,
783 3008 834 3067 sed
858 3008 895 3069 (16
919 3010 1106 3073 scholasticis

89 3102 188 3178 operis
207 3103 306 3160 minus
324 3099 460 3179 libenter,
480 3098 588 3176 quibus
607 3114 661 3175 ego
680 3095 760 3156 hunc
778 3098 820 3155 ita
838 3104 939 3158 natum
958 3107 988 3159 et
1002 3108 1106 3180 aptum

88 3189 197 3268 iudico,
219 3194 253 3249 ut
276 3193 386 3268 neque‘
395 3187 572 3248 brevissimo
595 3191 729 3264 tempore
753 3186 818 3244 sine
842 3188 1029 3248 incommodo
1054 3188 1104 3249 illo

88 3295 191 3338 carere
215 3280 364 3355 possimus
388 3283 418 3337 et
440 3277 552 3356 nescio,
575 3293 612 3335 an
631 3274 808 3334 industriam
831 3275 919 3334 huius
942 3279 974 3336 in
998 3296 1104 3357 regen-

88 3361 134 3427 dis
153 3363 287 3425 moribus
307 3363 521 3444 discipulorum
540 3370 570 3424 et
584 3362 758 3443 disciplinae
779 3365 934 3423 severitate
952 3370 1104 3444 possimus

82 3456 217 3535 assequi,
240 3454 270 3514 id
294 3453 372 3533 quod
391 3452 471 3513 nulla
492 3451 549 3513 alia
567 3453 604 3513 de
624 3471 712 3513 causa
731 3450 839 3530 scribo,
858 3470 945 3529 quam
965 3457 1043 3533 quod
1064 3460 1104 3517 ita

40 3592 44 3599 .
89 3547 223 3607 sentiam.
275 3543 317 3604 ld
350 3542 404 3604 bas
436 3543 528 3621 igitur
561 3560 649 3622 quam
681 3543 812 3621 primum
842 3541 908 3598 fieri
939 3550 1038 3620 potest
1072 3553 1105 3606 ut
