2400 3966
35 191 38 199 ·
87 151 129 214 28
515 152 546 208 Ρ.
565 151 675 208 Melissi

88 302 183 362 donec
206 309 239 362 tu
262 319 310 364 me
334 321 472 364 vocasses
496 310 584 382 atque
603 321 668 364 rem
690 302 748 363 alio
771 302 870 386 modo,
893 301 951 364 boc
970 311 1019 366 est
1040 322 1143 399 can-pp

88 391 188 452 didius
216 393 400 474 castiusque,
432 391 686 471 interpretandam
718 410 785 454 esse
813 394 985 473 expiscatus
1018 410 1111 469 essee..¹

88 480 226 542 Nondum
250 481 380 542 sciebam
403 489 480 562 tum,
509 480 579 560 quid
604 481 714 542 lactum
742 488 835 563 esset,
864 500 934 543 cum
960 488 996 543 tu
1024 475 1149 563 quael&

89 573 220 650 captiose
243 573 476 649 perscrutareris
504 572 781 649 interpretationem
803 570 1025 632 versiculorum
1046 588 1107 635 me·
1121 555 1145 616 1-1·

88 678 187 741 orum,
218 667 322 738 postea
344 661 490 740 comperi,
522 661 554 719 in
586 677 644 738 qua
676 658 733 720 olla
764 659 885 720 crambe
918 662 1149 740 coquendum

87 748 176 809 Malui
195 755 294 813 tamen
313 744 453 810 iniuriam
471 747 553 809 illam
571 750 653 809 senis
672 748 824 831 devorare,
848 767 937 828 quam
956 749 1037 829 apud
1053 742 1149 831 robii

87 838 263 940 peregrinus
278 843 308 898 et
320 837 430 916 hospes
445 855 513 898 oum
527 855 634 918 essem,
648 835 834 898 Camerinam
847 854 979 919 morere,
992 842 1145 901 memorii«

88 928 243 1007 nimirum,
277 945 334 1006 qua
361 926 436 986 mihi
463 934 493 987 et
520 924 658 986 Aurelius
687 926 842 1007 Senensis,
874 926 1009 988 Venetiis
1039 944 1109 991 cnm
1122 921 1149 977 ’11

89 1010 240 1096 essem¹1‘',
264 1022 294 1076 et
312 1014 446 1077 Caesaris
465 1014 721 1076 Mathematicus
713 1033 746 1076 ιιι
768 1017 899 1077 comitiis
917 1015 1109 1101 ingeniante,
1124 1008 1149 1068 11

88 1112 121 1165 ut
144 1104 218 1164 mihi
240 1123 257 1165 a
281 1123 352 1166 sene
376 1103 517 1185 quodam,
545 1105 598 1182 qui
624 1122 672 1164 me
701 1103 736 1164 ad
759 1106 968 1209 magistratum
996 1105 1107 1167 calum·
1126 1099 1149 1155 -t

88 1196 223 1254 niaturus
247 1201 339 1276 esset,
367 1192 525 1272 diligenter
548 1210 697 1274 caverem,
724 1200 789 1254 tum
811 1192 912 1254 verbis
939 1195 1016 1255 vivis
1043 1198 1143 1257 ιιιιι1

89 1286 208 1363 scriptis
245 1289 400 1344 monentes
437 1281 654 1361 praedixerant
709 1280 793 1343 Unde
829 1284 1026 1362 perspicuum
1052 1290 1136 1369 est,
1130 1279 1149 1377 1

89 1380 198 1452 quanta
213 1374 310 1434 sitris
328 1372 390 1454 lati,
409 1377 517 1451 quanta
531 1369 741 1432 malevolorum
755 1372 946 1452 perversitas,
965 1379 1000 1434 ut
1017 1368 1149 1455 etiams?

89 1465 232 1522 innocens
256 1464 448 1540 opprimatur.
493 1459 603 1520 Verum
624 1459 663 1519 de
685 1459 733 1520 his
758 1462 839 1521 satis.
880 1458 1016 1522 Francus
1039 1476 1106 1523 esse
1138 1468 1149 1513 1

81 1545 329 1611 nondesm0111.
374 1549 442 1609 'l'ibi
465 1548 625 1609 candorem
648 1566 748 1609 meum
777 1550 1017 1628 cognitissimum
1040 1560 1149 1613 esse

16 1642 19 1647 '
90 1641 151 1699 scio
180 1647 268 1716 atque
296 1637 369 1698 adeo
402 1640 603 1715 integritatem
633 1639 724 1697 animi
751 1637 880 1716 probari
930 1637 1108 1701 Extremum
1140 1638 1149 1683 1

90 1735 143 1808 est,
164 1726 242 1806 quod
257 1734 286 1787 te
305 1728 448 1786 maiorem
467 1728 499 1785 in
517 1726 638 1787 modum
658 1744 739 1807 rogo,
757 1744 795 1787 ne
814 1728 939 1806 patiaris
957 1726 1107 1808 hospitem
1142 1712 1149 1787 'r

89 1835 190 1877 meum
212 1814 462 1876 Rauenbuschum
486 1814 561 1875 olam
584 1814 662 1894 apud
685 1821 715 1875 te
739 1815 850 1876 deferri
877 1823 929 1878 aut
955 1816 1042 1878 illum
1070 1835 1106 1878 ex
1142 1808 1149 1875 ⁴:

90 1905 214 1966 aedibus
244 1906 392 1964 renovatis
425 1899 648 1964 exturbari11¹⁸.
703 1903 765 1964 lam
801 1906 882 1965 enim
919 1906 1105 1968 inaudieram
1146 1904 1149 1977 ζ

60 2018 63 2023 ·
90 1994 144 2056 sub
173 1994 339 2055 discessum
366 1993 513 2053 eiusmodi
543 1992 694 2072 quidpiam
726 2011 742 2053 a
770 1995 872 2054 nescio
900 1993 1012 2073 quibus
1042 2002 1107 2057 ten·
1146 1986 1149 2065 ζ

88 2087 153 2145 tari.
191 2083 233 2144 De
257 2101 315 2163 quo
339 2082 448 2143 coram
461 2088 561 2143 tecum
584 2081 747 2142 collocutus
770 2081 904 2164 fuissem,
927 2085 987 2144 nisi
1010 2083 1106 2146 brevi·

88 2182 148 2235 tate
171 2175 315 2252 temporis
337 2173 535 2252 patrocinium
558 2171 665 2232 luisset
687 2170 890 2232 interclusum.

157 2262 241 2334 Quod
265 2262 414 2341 reliquum
438 2267 492 2342 est,
514 2268 544 2320 te
569 2260 710 2341 obtestor,
732 2265 766 2320 ut
788 2262 946 2339 pristinam
968 2267 1052 2322 tuam
1074 2264 1106 2322 in

90 2371 136 2413 me
164 2348 399 2413 benevolentiam
432 2368 589 2411 conserves
622 2357 652 2409 et
684 2348 811 2409 adfinem
840 2356 925 2410 tuum
951 2349 1106 2411 rotund

90 2437 212 2503 ιιιιιι.112
236 2461 272 2502 ex
295 2459 343 2502 me
367 2441 499 2501 officiose
524 2438 642 2501 salutes
688 2437 765 2498 Vale.

156 2547 227 2607 Dat.
269 2547 433 2608 Lutetiae
474 2545 710 2627 Parisiorum,
754 2543 839 2605 XXV.
881 2544 928 2605 die
970 2544 1040 2606 iulii
1081 2565 1106 2607 a.

90 2635 293 2697 MDLXXXIV.

825 2721 856 2784 P.
879 2721 1061 2785 Melissus.

157 2886 246 2947 Paulo
269 2878 576 2962 Foerenbergero¹¹²⁸
599 2880 696 2963 dabis,
727 2885 754 2942 si
777 2883 848 2961 quid
877 2882 912 2943 ad
942 2900 991 2944 me
1014 2883 1106 2946 voles.

91 2979 135 3036 Αιι
158 2972 367 3052 FaubourgS.
391 2971 500 3053 Victor,
523 2970 678 3048 al’image
702 2977 787 3031 notre
811 2971 911 3052 Darne,
934 2989 1043 3052 aupres
1066 2973 1107 3035 du

92 3065 223 3143 chapeau
255 3054 401 3140 rougeffl.
448 3019 506 3143 (dd
538 3051 658 3141 marga)
695 3057 916 3137 Epigrammata
947 3078 1014 3122 mea
1047 3062 1107 3123 duo

92 3161 161 3212 sunt
185 3154 294 3229 scripta
322 3167 412 3209 manu
433 3147 558 3208 Baronis
582 3145 761 3207 Zernemblii
788 3155 859 3208 natu
887 3151 1026 3231 minoris,
1055 3153 1107 3230 qui

90 3257 149 3300 una
173 3256 240 3299 cum
264 3239 354 3338 fratre
377 3237 418 3297 lo.
442 3236 528 3296 Claro.
536 3229 574 3268 1¹⁴
596 3241 625 3294 te
649 3233 809 3313 plurimum
834 3235 945 3297 salvere
969 3239 1061 3301 iubet.
