2422 3944
108 173 150 248 26
523 175 555 234 Ρ.
573 172 684 230 Melissi

96 329 182 387 unice
215 324 452 386 commendatum
484 342 551 385 csse
579 322 675 384 velim.
722 322 861 384 Ceterum
889 321 969 402 quod
998 324 1033 384 in
1060 321 1113 384 1111

96 415 221 494 quadam
244 433 324 495 maa,
347 413 566 493 antequam'ad
588 412 724 473 Rhenum
747 412 973 493 contenderem,
1004 414 1115 493 rogavi,

94 522 154 565 non
181 503 309 583 amplius
338 521 419 582 rogo.
465 502 539 585 Cum
567 504 647 563 enim
674 504 733 582 ipsi
759 500 887 562 areolam
918 509 1060 563 nostram
1086 509 1116 563 et

94 592 293 655 aedificiolum
322 586 364 677 (d.
392 592 420 655 ln
448 590 709 671 Hindergebeude,
736 589 863 651 welches
890 589 1051 673 haufellig,
1079 590 1115 652 ad

94 675 200 766 marg.)
233 681 458 743 instaurandum
491 679 695 760 contemplati,
726 681 926 741 necessariam
952 697 1038 761 esso,
1069 678 1116 741 111
1153 734 1155 757 ,

94 771 221 851 hospitis
248 765 353 832 mei²⁰²
379 772 563 851 testimonio,
595 776 775 831 structuram
807 770 1000 850 censueritis,
1033 768 1116 831 illam

95 862 191 940 ipsam
214 860 291 941 dico,
315 878 403 939 quam
426 866 493 920 aute
516 859 671 920 biennium
695 851 842 942 (nondum
864 866 965 919 tamen
987 852 1114 942 factam)

19 989 21 993 -
95 951 243 1010 annuistis
266 949 345 1031 11111,
368 949 411 1009 111
432 949 675 1028 percommodum
698 949 832 1009 construi
853 966 942 1027 posse
965 946 1115 1029 lluseum,

94 1056 199 1104 versus
220 1037 365 1099 Gabronis
388 1037 516 1118 hortum,
534 1056 587 1097 vos
610 1044 726 1098 tantum
745 1037 998 1098 commonefacere
1023 1036 1114 1100 volui.

95 1127 180 1198 Quod
208 1145 246 1188 ne
274 1125 453 1207 negligatur,
481 1144 588 1206 operae
616 1128 746 1205 pretium
775 1133 829 1186 est.
874 1125 955 1187 Bene
984 1125 1052 1187 vale
1085 1134 1115 1188 et

95 1235 143 1276 1111
166 1236 239 1278 ama.

139 1317 177 1407 (E
201 1322 329 1404 Gallia,
352 1325 431 1384 intra
454 1341 479 1385 a.
504 1318 591 1385 1584
613 1330 643 1383 et
667 1315 822 1406 1590)¹⁰³.

885 1409 1069 1473 Melissus.

272 1569 326 1689 nl
363 1619 630 1689 Ρ.111111111111.
653 1619 928 1705 Beumgartnero.

94 1741 165 1796 Lat.
184 1742 288 1798 Paris.
896 1747 939 1798 11.
958 1743 1012 1798 Iul.
1033 1749 1115 1803 1⁶84.

163 1837 191 1898 S.
210 1836 243 1901 D.
271 1838 450 1917 Hieronymo
469 1836 700 1918 Baumgartnero
719 1840 875 1900 triumviro
898 1840 972 1918 reip.
992 1837 1114 1902 Nurim-

93 1925 249 2006 bergensis
272 1927 462 2006 amplissimo.
510 1927 538 1990 9.
557 1931 635 2004 Aug.
658 1929 751 1989 1584.

120 2052 125 2062 -
161 2015 236 2091 Cum
259 2035 379 2095 operam
402 2034 498 2077 meam
520 2019 567 2099 iis,
590 2035 717 2097 quorum
736 2018 854 2078 nomine
874 2035 991 2078 mecum
1011 2026 1114 2080 actum

94 2105 199 2186 fuerat,
222 2105 410 2188 addidissem,
433 2113 521 2186 atque
544 2125 593 2167 res
612 2114 734 2186 propter
752 2105 866 2167 luctum
883 2107 915 2165 in
934 2105 1014 2167 aliud
1033 2113 1113 2168 tem·

93 2213 149 2273 pus
172 2196 284 2255 reiecta
307 2203 399 2276 esset,
426 2196 546 2277 accidit,
573 2202 607 2256 ut
629 2203 732 2275 postea
759 2194 942 2274 profectione
950 2187 991 2228 ¹⁰⁴
1013 2203 1113 2259 matu-

94 2283 185 2343 randa
199 2290 317 2363 praeter
332 2286 502 2364 opinionem
520 2286 628 2346 fuerim
647 2286 906 2365 occupatissimum
925 2301 995 2344 nam
1009 2288 1113 2348 omnia

93 2371 182 2433 simul
214 2374 319 2434 eodem
350 2381 500 2434 momento
532 2373 700 2454 peragenda
733 2379 825 2434 crant.
871 2372 956 2455 ,Quae
986 2374 1113 2452 quidem

94 2461 304 2541 impedimento
323 2463 451 2545 fuerunt,
475 2470 509 2524 ut
526 2462 600 2522 mihi
618 2480 679 2523 non
696 2461 815 2523 licuerit
833 2463 936 2522 amicis
955 2462 1113 2526 veteribus

93 2550 272 2632 valedicere,
293 2554 470 2631 praesertim
491 2551 562 2631 tibi,
589 2550 820 2630 Baumgartnere
843 2552 1113 2636 praestantissime,

94 2657 182 2718 quem
210 2641 270 2699 mei
297 2658 415 2722 semper
443 2641 678 2700 amantissimum
702 2639 1012 2718 studiosissimumque
1041 2659 1112 2704 esse

94 2729 225 2807 cognovi.
271 2728 368 2800 Quare
391 2730 465 2789 mihi
488 2731 634 2809 ignoscas,
662 2730 750 2789 etiam
782 2735 870 2808 atque
903 2729 993 2788 etiam
1025 2747 1111 2810 rogo.

93 2817 223 2897 Tempus
259 2837 307 2878 me
344 2817 466 2897 defecit,
502 2817 636 2878 volrmtas
673 2835 860 2897 nequaquam
896 2817 970 2877 milri
1003 2816 1112 2882 defuit.

92 2905 233 2967 Rationes
260 2912 342 2967 certe
369 2904 490 2985 quidem
517 2905 671 2967 hominum
698 2906 895 2967 dimetiendae
923 2907 1048 2968 veniunt
1080 2917 1114 2970 11

93 2997 325 3056 circumstantiis
347 3001 525 3074 temporum.
563 2995 675 3066 Quodsi
694 2995 799 3056 saltem
817 2994 932 3056 diecuda
955 3013 1013 3055 una
1032 2997 1112 3059 mihi

93 3083 208 3163 reliqua
230 3084 349 3165 fuisset,
371 3082 509 3163 pluribus
532 3087 634 3164 utique
658 3084 883 3166 satisfecisscm;
916 3090 1003 3163 atque
1024 3084 1112 3169 adeo,

94 3175 163 3250 quia
185 3179 311 3233 tutemet
333 3171 410 3233 ultro
428 3172 566 3234 Heusleri
588 3167 809 3254 typographi¹⁰⁵
831 3174 1014 3234 mentionem
1038 3174 1112 3236 inii·

93 3259 202 3342 cicbas,
225 3260 361 3342 ,hominis
384 3263 416 3323 in
438 3265 570 3345 negotio,
603 3262 681 3342 quod
704 3262 778 3323 mihi
801 3281 869 3323 cum
892 3280 927 3322 eo
951 3267 1009 3342 est,
1033 3265 1112 3325 insi-

94 3351 192 3428 gniter
219 3357 249 3409 11
276 3351 426 3413 mendacis
455 3360 485 3413 et
508 3352 702 3434 impudentis,
725 3351 755 3412 id
780 3359 839 3432 est,
870 3358 904 3412 ut
926 3369 985 3412 uno
1013 3351 1110 3413 verbo

94 3439 199 3519 dicam,
217 3439 375 3518 perfrictae
394 3441 509 3521 frontis,
528 3441 755 3520 haudquaquam
773 3459 879 3520 passus
898 3440 1024 3502 fuissem
1042 3459 1111 3503 rem

93 3527 174 3588 illam
197 3530 240 3589 sic
263 3527 353 3590 abire.
389 3530 499 3592 Verum
523 3532 592 3609 quia
614 3536 682 3590 ante
706 3530 814 3591 festum
833 3529 984 3591 Paschatis
1007 3527 1045 3590 dc
1070 3550 1110 3592 eo
