2400 3966
514 157 667 237 epistolae·
1021 161 1083 227 131

208 298 266 407 oo.
299 302 338 371 n.
361 260 590 399 racusanus
612 302 682 373 uic.
704 303 939 381 1111111111.

72 388 99 443 ln
111 389 202 445 Arce
220 388 402 445 Neudeclc
476 414 481 422 ·
841 391 987 449 aa.·uera.
1008 399 1086 452 1629.

122 484 304 548 ..Nicolao
326 484 528 548 Rittershusio
551 487 618 549 lCto
635 535 641 548 .
657 536 664 549 .
679 488 809 568 Dantzig.

121 575 152 637 S.
176 582 212 638 et
232 573 270 637 0.
311 573 483 637 Clarissime
506 575 631 638 Domine
649 575 779 658 Nicolae,
804 579 898 639 amice
920 576 1084 656 plurimum

67 663 195 727 colende!

120 753 155 816 Si
179 771 221 814 ex
248 751 372 815 silentio
394 755 484 815 unius
507 762 559 815 aut
580 755 705 817 alterius
729 758 909 835 septimanae
933 774 1033 817 meum
1052 759 1084 818 in

66 842 98 905 le
127 860 273 905 amorem
302 841 465 922 quidquam
490 845 681 906 imminutum
709 847 771 906 sive
799 845 897 906 credis
924 847 986 905 sive
1014 864 1083 907 con·

66 934 130 1014 licis,
149 950 244 994 erras
266 933 390 992 omnino
409 938 439 993 et
456 951 505 993 me
524 935 644 1012 ignoras
662 936 790 1014 penitus.
820 933 893 994 Cum
909 934 1033 997 antehac
1047 936 1083 996 ad

65 1040 195 1083 sororem
222 1019 401 1102 scriberem,
423 1020 533 1092 maritae
556 1041 604 1083 me
628 1041 734 1084 causae
753 1041 769 1083 a
788 1030 839 1083 tua
857 1022 1083 1102 compellatione

64 1109 265 1190 retrahebant,
288 1108 427 1189 publicae
448 1112 543 1189 magis
568 1129 656 1191 quam
679 1114 821 1192 privatae,
844 1110 970 1192 ideoque
994 1132 1042 1174 me
1066 1133 1082 1174 a

13 1246 16 1251 .
63 1201 128 1261 meis
156 1198 245 1280 apud
271 1198 313 1260 'le
341 1198 399 1260 hoc
421 1201 541 1261 nomine
566 1200 602 1261 ad
625 1207 744 1280 tempus
768 1203 904 1262 excusari
928 1200 1021 1283 volui,
1048 1211 1082 1264 ut

64 1291 203 1370 nesciam,
224 1289 296 1367 quus
310 1287 352 1349 'l'e
367 1290 569 1367 impatientiae
584 1291 689 1367 genius
705 1290 741 1350 ad
756 1289 892 1368 querelas
907 1288 1081 1368 abripuerit.

63 1377 171 1449 Quibus
208 1377 379 1438 remedium
407 1379 560 1439 iam-nunc
588 1377 707 1440 allatum
729 1386 807 1459 >puto
835 1377 871 1438 ab
900 1376 973 1458 illis,
1007 1397 1080 1457 quas

63 1467 110 1528 sub
133 1468 265 1528 initium
288 1467 453 1545 superioris
475 1469 588 1528 mensis
611 1468 648 1529 ad
671 1469 712 1529 Te
736 1486 804 1528 cum
823 1466 959 1532 distichis
976 1470 1080 1545 paucis

62 1555 241 1637 lugubribus
269 1554 411 1634 ablegari.
456 1556 640 1617 Solutionem
669 1556 775 1638 debiti,
804 1556 881 1636 quod
905 1555 982 1635 apud
1005 1554 1079 1618 Nob.

61 1644 107 1707 ltu
124 1643 351 1707 Hainholerum
373 1643 525 1706 Perbautii
552 1647 612 1706 iam
636 1646 707 1707 olim
730 1652 955 1728 contraxerunt,
982 1648 1079 1707 neuti-

62 1753 144 1813 quam
169 1751 259 1795 nunc
277 1751 383 1814 urge05
407 1733 517 1795 suflicit
537 1735 734 1815 syngrapham
752 1737 887 1814 recipere
907 1733 1007 1818 abeo,
1031 1738 1080 1797 cui

61 1822 214 1885 inillam
245 1823 429 1883 commisisti
477 1823 526 1884 Sic
553 1826 634 1885 enim
662 1827 758 1885 exacti
785 1822 865 1885 illius
889 1826 966 1885 aeris
981 1823 1079 1886 alieni

60 1915 264 1993 suspicionem
284 1911 361 1990 apud
375 1909 428 1973 on.
442 1912 657 1974 Hainholerum
674 1912 798 1995 evitabo,
818 1915 844 1973 si
858 1914 934 1974 forte
949 1913 1077 1993 aliquam

60 2004 155 2063 animo
182 1992 330 2078 'concepit
367 1998 471 2061 Fidem
494 2009 525 2062 et
547 2002 706 2063 candorem
729 2020 830 2063 meum
853 2001 991 2064 omnibus
1009 2021 1078 2083 pro-

57 2088 123 2153 bare
152 2088 267 2151 studeo
293 2107 349 2150 nec
377 2088 474 2150 solum
501 2109 518 2151 a
545 2093 684 2173 crimine,
712 2093 764 2153 sed
790 2094 880 2152 etiam
903 2110 919 2151 a
943 2092 1077 2152 criminis

58 2181 233 2261 suspicione
255 2175 342 2257 longe
365 2177 470 2239 abesse
494 2178 569 2241 volo.
611 2181 710 2252 Quare
733 2181 762 2241 id
787 2198 907 2258 operam
927 2177 1021 2259 dabis,
1044 2187 1078 2240 ut

56 2267 201 2331 allemlt
222 2265 349 2328 Doblero
368 2266 498 2329 Thorun.
518 2277 598 2329 certa
619 2272 715 2349 prima
734 2270 888 2330 occasione
907 2267 1077 2328 remittatur

53 2355 240 2438 syngrapha,
268 2357 295 2416 si
321 2357 421 2417 minus
448 2375 587 2418 nummos
615 2378 631 2418 a
659 2360 787 2419 morosis
812 2353 997 2416 debitoribus
1021 2374 1076 2435 per

52 2446 105 2509 bos
129 2463 231 2508 annos
255 2449 560 2525 extorquerepotuit.
604 2447 719 2509 Statum
740 2444 894 2527 publicum
916 2442 1075 2506 borussiae

52 2554 87 2598 ne
120 2532 221 2596 verbo
251 2533 372 2613 quidem
399 2537 534 2618 attingis,
566 2536 677 2597 nedum
705 2535 844 2616 explicas.
891 2533 982 2594 Soror
1009 2552 1076 2595 mea

51 2624 129 2688 lecto
165 2623 256 2685 affixa
287 2641 393 2704 parum
424 2623 460 2683 de
489 2642 524 2684 eo
553 2633 604 2685 aut
630 2625 706 2685 nihil
732 2626 814 2686 novit
840 2641 896 2685 nec
924 2622 976 2684 alii
1002 2626 1075 2685 satis

50 2719 270 2794 assequuntur.
294 2711 327 2773 Si
340 2711 527 2774 tolerabilem
541 2714 604 2774 lore
620 2722 779 2797 constaret,
793 2713 829 2774 ad
844 2731 927 2774 meos
940 2715 1075 2793 proxima

50 2811 168 2866 aestate
202 2803 410 2883 remigrarem3
442 2801 491 2863 hic
519 2805 599 2863 enim
627 2805 659 2864 in
685 2805 771 2884 peius
800 2805 898 2864 omnia
925 2810 1017 2864 ruunt
1045 2810 1075 2863 et

49 2900 137 2955 retro
161 2889 303 2970 sublapsa
316 2890 466 2961 ¹teruntur.
504 2890 541 2952 llt
559 2894 642 2971 regio
662 2901 692 2953 et
710 2893 814 2973 religio
834 2894 912 2953 varie
932 2891 1074 2969 affligitur

49 3001 107 3044 nec
137 2980 221 3043 ullus
248 2979 395 3042 malorum
422 2981 490 3041 finis
518 2989 642 3061 apparet
670 2983 795 3044 durante
815 2980 895 3053 bello
919 2981 977 3041 isto
1001 2977 1073 3038 Ger-

49 3072 184 3135 manico.
220 3068 301 3131 Haec
323 3070 360 3130 ad
378 3069 420 3130 'l'e
443 3069 499 3130 hac
521 3072 586 3131 rice
607 3070 696 3153 volui,
719 3079 752 3133 ut
771 3062 945 3149 scrupulum
962 3069 1073 3129 exime-

48 3179 132 3242 rem,
160 3176 253 3239 quem
280 3177 363 3219 mora
389 3160 528 3239 responsi
555 3161 665 3240 prioris
694 3163 845 3221 iniecerat.
896 3156 981 3217 Nunc
1008 3156 1072 3217 vale

49 3257 81 3312 et
109 3249 149 3312 de
179 3250 330 3310 constanti
356 3267 421 3311 mea
449 3250 481 3309 in
504 3248 545 3309 Te
569 3249 719 3311 voluntate
742 3248 841 3310 nullus
864 3248 1073 3327 inposterum

49 3338 166 3402 dubita.
214 3335 297 3418 Sum,
319 3337 371 3419 fui,
395 3355 446 3398 ero

95 3428 184 3490 Tuus
208 3428 291 3486 omni
308 3444 388 3488 nexu
406 3434 437 3487 et
455 3427 554 3489 olticio
573 3427 796 3489 Hermannus
815 3425 1027 3503 Tehdering.

94 3516 169 3579 Dab.
194 3516 232 3575 in
254 3515 342 3576 Arce
366 3515 547 3599 Neudeck,
572 3512 857 3581 2311111111629.

877 3615 911 3670 9*
