2400 3966
137 187 181 252 90
564 185 586 242 Ι.
606 184 719 241 Gruteri

131 338 167 399 At
190 356 257 398 cum
281 335 373 397 semel
395 343 511 397 tantum
533 355 704 418 nascamur,
733 354 821 416 quam
843 344 930 415 turpe
955 341 1001 396 est
1024 335 1149 395 haerere
1179 355 1193 395 a

131 430 163 487 in
187 427 238 488 tali
262 423 333 487 die?
378 425 423 486 Ob
447 426 575 505 effigiem
599 444 695 486 meam
717 429 839 485 missam
862 432 978 486 tantum
1002 423 1094 504 abest,
1117 432 1150 485 ut
1180 447 1194 486 o

133 519 242 596 gratias
267 514 389 596 debeas3
416 515 472 575 tibi
496 523 598 576 contra
623 515 750 596 obligor,
779 514 858 594 qnod
885 532 945 575 non
973 513 1150 592 dedignatus
1183 517 1194 577 l

133 606 289 666 admittere
326 623 457 665 mercem
494 604 656 684 evapidam.
711 604 769 664 Ver
801 597 1014 684 Thuanum⁴³⁵‚
1052 610 1149 663 aestas
1181 607 1194 666 l

132 694 341 755 Hoeschelium
361 692 490 755 abstulit.
513 692 618 754 Utres
638 700 705 754 nata
725 699 779 774 est,
798 692 935 754 flebimus
950 694 1040 754 etiam
1059 692 1150 753 alium
1183 699 1194 755 t

134 786 198 863 ipsa
221 784 329 843 hieme.
361 781 420 843 Res
441 783 572 843 literaria
591 800 651 844 non
671 786 783 843 sensim
801 785 871 863 ruit,
894 781 946 842 sed
967 781 1150 842 subvertitur
1165 790 1194 846 'o

133 875 246 952 impetu
269 864 353 954 vis*)
377 874 512 952 maioris3
536 872 609 932 adeo
634 871 787 933 columnae
811 874 876 932 eius
900 889 1003 932 omnes
1023 870 1148 931 lectissi-
1186 896 1194 936 ,ῑ

132 980 197 1021 mae
226 961 422 1022 succiduntur
449 980 465 1021 a
488 961 570 1022 fatali
591 960 691 1022 Parca.
733 961 856 1021 Interim
879 963 1000 1039 quinam
1024 958 1148 1020 obsecro
1187 985 1194 1026 2

133 1057 327 1110 succrescunt
345 1052 377 1110 in
396 1050 493 1111 locum
512 1047 757 1111 demortuorum?
780 1049 843 1129 Ego
861 1049 1020 1110 admodum
1038 1066 1149 1128 paucos
1183 1082 1193 1113 ,ι

132 1141 209 1200 novi.
256 1138 313 1199 Sed
342 1142 383 1199 ita
410 1142 552 1200 nimirum
580 1139 746 1201 consulitur
777 1141 912 1200 varietati
944 1140 1090 1218 universi,
1123 1139 1149 1197 si
1189 1165 1194 1185 ι

132 1228 259 1289 saeculis
287 1228 399 1308 aliquot
426 1228 517 1289 densa
545 1231 654 1289 iterum
681 1247 853 1308 premamur
879 1227 1024 1289 barbarie.
1070 1225 1148 1305 Ergo
1191 1272 1194 1292 2

132 1318 183 1378 liat
202 1319 386 1398 quantocius,
410 1317 489 1396 quod
512 1318 608 1379 debet.
640 1317 750 1378 Verum
769 1325 887 1379 cessent
906 1316 1057 1398 querelae3
1081 1333 1149 1376 nam
1192 1344 1194 1350 ·

132 1409 178 1466 viv
204 1410 275 1467 satis
301 1413 359 1487 est,
392 1409 462 1485 quei
489 1426 536 1467 me
560 1425 676 1488 curem,
709 1410 761 1487 qui
783 1409 842 1467 iam
866 1413 932 1467 octo
960 1406 1024 1466 dies
1048 1423 1147 1484 pugno

132 1504 235 1556 contra
259 1495 368 1556 colicos
392 1495 510 1556 dolores
534 1498 689 1575 sentioque
720 1498 854 1576 corporis
881 1496 970 1555 huius
999 1497 1077 1555 crasi
1104 1496 1148 1554 in-

132 1585 326 1644 fensissimos.
360 1584 453 1664 Spero
476 1592 576 1645 tamen
599 1584 723 1646 meliora
746 1584 807 1645 lleo
829 1603 905 1646 max.
925 1585 1050 1644 favente.
1091 1582 1148 1644 Re·

132 1676 255 1733 mittunt
278 1676 367 1754 enim,
390 1681 471 1734 certe
495 1675 696 1735 intermittunt
715 1693 747 1735 se
766 1680 980 1754 paroxysmata.
1013 1672 1148 1733 Divinam

132 1763 349 1840 providentiam
372 1780 492 1843 precor,
520 1781 557 1823 ne
582 1762 679 1824 simile
704 1763 775 1842 quid
800 1765 903 1824 amicis
927 1765 1002 1822 meis
1026 1761 1147 1822 accidat.

132 1850 201 1911 Vale
225 1854 324 1932 igitur,
347 1854 389 1911 mi
407 1851 566 1932 Hoeflichi,
590 1860 619 1912 et
641 1871 800 1931 persevera
823 1870 955 1913 amorem
974 1858 1059 1911 tuum
1078 1869 1148 1930 erga

133 1938 337 2022 Gruterum,
361 1943 413 2020 qni
435 1947 465 2001 te
488 1949 640 2020 perpetuo.

174 2064 449 2146 Heidelbergae,
473 2063 502 2127 2.
522 2064 699 2126 Novembris
720 2061 814 2128 1617.

393 2342 445 2412 (tt.
479 2345 504 2412 l.
530 2345 690 2412 Gruterus
714 2344 749 2412 d.
771 2343 882 2413 Remo.

131 2468 303 2536 (Brettae).
853 2473 897 2525 11.
915 2467 981 2536 Apr.
1001 2465 1148 2536 (lc-tw.

198 2560 350 2641 Ampliss0.
366 2562 577 2623 excellentiss'.
592 2561 664 2622 Dno.
689 2561 815 2640 Georgio
838 2561 945 2644 Remo,
969 2561 1148 2623 cancellario

131 2651 249 2710 scholae
273 2649 398 2710 Noricae
422 2660 477 2712 eto.
501 2650 722 2729 Norimbergae.

200 2740 227 2799 S.
246 2738 277 2798 P.
301 2739 471 2800 Amicorum
488 2739 643 2819 primarie!
663 2740 706 2800 lta
726 2748 779 2800 est.
803 2739 916 2800 Deliteo
930 2740 1050 2800 Brettae
1070 2740 1148 2820 apud

132 2822 333 2907 generumffl,
365 2830 416 2906 qui
438 2848 516 2889 unns
540 2849 576 2889 ex
601 2829 738 2890 omnibus
763 2829 955 2889 Serenissimi
976 2831 1075 2890 nostri
1098 2829 1149 2890 ad·

132 2919 278 2977 ministris
302 2917 397 2976 adbuc
420 2920 492 2977 vivit
519 2921 549 2977 in
574 2919 715 2996 dignitate
743 2919 883 2999 pristina,
916 2917 996 2997 quod
1023 2935 1147 2979 necesse

131 3006 259 3066 habeant
273 3007 406 3065 iuniores
421 3007 576 3067 consulere
592 3006 719 3085 aliquem
735 3025 859 3085 gnarum
872 3007 972 3086 legum
986 3025 1148 3086 rerumque

132 3095 339 3155 Palatinarum.
367 3095 428 3154 lam
447 3103 527 3155 totus
552 3114 617 3155 sum
636 3098 667 3154 in
687 3095 899 3155 concinnandis
918 3095 1048 3175 politicis
1067 3099 1147 3157 notis

132 3184 168 3243 ad
192 3183 322 3264 Livium,
346 3186 398 3262 qui
420 3187 508 3244 tertio
532 3187 591 3244 iam
615 3185 768 3244 recuditur
791 3187 822 3244 in
846 3180 880 3244 [⁰
924 3179 1147 3246 Francfurti⁴³⁸.

132 3272 238 3332 Vidisti
269 3280 340 3351 puto
373 3272 586 3333 Bibliothecam
619 3273 738 3333 exulum
773 3282 840 3333 ante
873 3281 1020 3335 semestre
1053 3293 1070 3335 a
1100 3292 1147 3334 me

132 3355 287 3421 editam439
311 3369 340 3420 et
363 3361 495 3440 probasti
519 3362 621 3422 sallem
645 3370 678 3422 ut
701 3365 822 3423 amicus
855 3362 1014 3423 Debebatis
1037 3363 1146 3424 habere

203 3551 229 3619 ³²)
250 3550 383 3605 Gruterus
402 3550 476 3620 ipse:
495 3554 530 3606 oi.
