2400 3966
531 210 669 283 epistolae
1045 212 1107 277 107

96 364 224 445 plurimos
249 362 291 424 ad
314 361 373 421 Dei
396 358 532 441 gloriam,
554 360 688 442 Reipubl.
712 362 896 422 Christianae
920 363 1107 423 commodum

94 454 292 515 etbonorum
322 452 460 511 omnium
484 449 620 511 solatium
643 451 737 531 Ampl.
760 451 881 512 Vestrae
909 453 1053 529 attingere
1078 460 1108 512 et

93 561 221 624 esperare
262 540 368 602 liceat.
418 537 525 600 Amenl
575 539 714 600 Ceterum
751 559 776 600 a.
809 540 836 599 d.
870 538 921 600 22.
953 539 1106 600 Decembr.

91 640 175 714 optato
193 631 280 693 mihi
293 629 421 690 Vestrae
439 646 632 709 meorumque
652 629 835 690 advenerunt
853 628 979 709 litterae,
998 628 1107 707 quibus

90 722 126 784 lic
153 719 347 802 respondeo.
394 717 489 797 Spero
520 736 580 779 nou
612 717 801 797 denegabunt
831 717 958 777 oblatam
986 736 1107 796 operam

89 810 129 874 llo
153 802 316 892 Plautb*)
349 814 381 867 et
406 805 461 868 Iln.
489 807 693 887 Scheurelius,
725 806 834 886 quibus
862 805 987 867 salutem
1014 806 1107 886 pluri-

87 920 152 961 mm
175 901 264 979 dico,
286 896 417 974 illasque
441 897 504 956 suis
526 895 655 956 inclusas
674 903 725 957 aut
743 897 916 956 coniunctas
934 895 1107 957 Dantiscum

88 999 155 1051 recte
179 986 358 1066 curabunt3
381 983 533 1045 habebunt
554 1003 602 1045 me
625 987 766 1067 vicissim,
790 987 817 1044 si
840 1004 898 1063 qua
921 985 1048 1067 dabitur,
1072 986 1107 1047 ad

85 1081 198 1158 quaevis
220 1076 331 1137 officia
349 1075 578 1153 paratissimum.
615 1073 657 1135 lle
677 1081 756 1136 statu
773 1073 907 1154 Reipubl.
925 1074 1107 1137 Gencrensis

85 1170 201 1229 nemini
225 1183 282 1226 me
303 1164 450 1242 proximis
468 1165 574 1245 egisse,
598 1163 705 1243 quibus
724 1163 798 1224 illud
817 1163 1024 1245 adiiciendum,
1048 1166 1107 1225 lor-

85 1274 153 1318 icam
181 1254 355 1334 regiminis
383 1269 449 1312 esse
478 1251 718 1335 democraticam,
741 1271 810 1315 cum
833 1252 960 1331 populus
983 1253 1032 1313 hic
1055 1253 1107 1313 eli-

83 1346 164 1424 gendi
182 1341 460 1420 constituendique
480 1343 589 1401 summi
606 1344 796 1420 magistratus
811 1348 988 1421 potestatem
1002 1340 1109 1403 habeat

83 1443 109 1496 et
127 1436 164 1496 ad
189 1433 288 1495 illum
312 1432 537 1510 provocationes
557 1433 589 1490 in
608 1433 705 1492 causis
724 1450 793 1492 cum
812 1429 948 1491 civilibus
967 1436 1031 1490 tum
1050 1433 1108 1491 cri-

85 1522 248 1585 minalibus
277 1519 491 1580 concedantur.
536 1520 759 1581 Aristocratiam
787 1528 887 1580 tamen
910 1521 999 1579 etiam
1022 1523 1108 1601 sapit,

85 1613 156 1692 quod
179 1615 218 1673 in
244 1611 390 1670 strictum
412 1608 570 1669 concilium
588 1608 666 1669 XXV
690 1617 860 1670 senatorum
881 1627 942 1670 non
961 1608 1108 1688 eligantur

85 1705 137 1763 nisi
163 1702 232 1762 viri
259 1699 373 1759 virtute
401 1704 431 1758 et
453 1697 610 1777 prudentia
633 1716 737 1777 graves
762 1701 871 1778 quique
895 1699 1108 1777 aparentibus

86 1795 143 1853 suis
172 1789 216 1852 ad
246 1789 409 1849 minimum
435 1788 501 1848 iure
529 1789 656 1848 civitatis
684 1787 797 1849 luerint
823 1790 923 1866 gavisi.
975 1788 1108 1850 Censura

85 1883 113 1941 in
141 1888 395 1957 transgressores
426 1873 525 1954 legum
557 1883 587 1937 et
619 1883 796 1937 statutorum
826 1878 922 1956 rigida
950 1878 1108 1938 admodum

84 1978 127 2031 cst
156 1977 228 2030 tam
261 1964 359 2026 civilis
391 1983 479 2042 quam
507 1965 720 2047 ecclesiastica,
753 1966 826 2027 adeo
854 1975 887 2027 ut
914 1985 969 2027 nec
997 1968 1107 2028 chartis

85 2058 186 2120 ludere
218 2073 279 2116 nec
305 2053 385 2116 ultra
412 2072 587 2115 concessum
614 2055 734 2116 modum
761 2058 864 2117 vestiri
891 2074 947 2116 nec
974 2058 1043 2116 vino
1072 2056 1107 2116 ad

84 2147 267 2209 ebrietatem
303 2161 398 2222 usque
435 2143 546 2222 repleri
582 2145 646 2204 sine
684 2147 808 2205 crimine
841 2146 979 2222 cuiquam
1011 2144 1106 2204 liccat.

86 2236 163 2308 Quin
192 2240 229 2296 et
256 2232 315 2293 hoo
341 2234 461 2293 nomine
489 2232 631 2312 quasdam
659 2232 695 2293 ab
723 2253 779 2295 usu
803 2234 831 2293 S.
855 2231 970 2292 Coenae
998 2250 1107 2310 nuper-

87 2328 160 2386 rime
196 2339 363 2401 suspensas
394 2323 529 2403 memini,
566 2322 645 2400 quod
678 2323 801 2383 choreas
833 2323 865 2380 in
897 2322 1009 2398 nuptiis
1041 2320 1106 2381 Dni.

85 2411 267 2476 Gothofrcdi
292 2417 360 2472 ante
387 2429 521 2472 mensem
549 2414 765 2490 exercuissent,
805 2428 821 2469 a
849 2408 1004 2469 Germanis
1032 2411 1107 2470 inci-

41 2538 43 2547 ·
86 2511 162 2565 tatae
198 2508 232 2562 et
263 2507 392 2578 rogatae.
437 2499 618 2560 Libertatem
650 2508 680 2561 et
711 2498 864 2578 privilegia
894 2499 1022 2558 civitatis
1050 2497 1108 2560 late

86 2592 212 2653 deducit
244 2588 382 2668 Ampliss.
414 2588 468 2649 lln.
502 2589 665 2649 Saracenos
699 2588 839 2668 syndicus
872 2589 903 2647 in
935 2586 1011 2648 libro
1044 2608 1108 2669 suo,

87 2699 179 2761 quem
207 2679 380 2757 inscripsit:
410 2676 452 2738 Le
480 2677 596 2739 Citadin
627 2678 662 2738 de
691 2672 861 2738 Geneveffl.
906 2676 1044 2739 Liberam
1072 2679 1108 2740 ab

87 2773 212 2849 antiquo
242 2768 363 2846 imperii
389 2765 495 2827 urbem
522 2767 613 2828 luisse
643 2767 763 2827 evidens
791 2769 909 2846 signum
937 2786 1003 2828 esse
1027 2770 1110 2829 aiunt

87 2858 221 2940 aquilam
248 2854 331 2916 illam
357 2854 510 2934 bicipitem
539 2855 707 2935 sculpturae
735 2859 942 2937 perantiquae,
974 2874 1049 2935 quae
1077 2859 1110 2916 in

89 2966 176 3009 muro
195 2946 341 3007 exteriori
359 2944 448 3005 Aedis
464 2944 610 3025 Petrinae,
628 2945 757 3024 Apollini
776 2946 847 3005 olim
865 2938 1110 3025 consecratae⁴⁸⁵,

89 3040 256 3099 etiamnum
279 3033 409 3113 adparet.
446 3033 530 3094 Unde
553 3052 609 3095 nec
632 3036 781 3114 episcopis
806 3036 869 3094 suis
891 3034 951 3093 nisi
972 3034 1003 3092 in
1023 3034 1109 3111 spiri-

90 3124 223 3188 tualibus
255 3141 388 3202 unquam
419 3125 532 3203 paruit,
564 3125 616 3202 qui
644 3123 748 3184 levatis
776 3140 866 3202 supra
893 3128 982 3201 caput
1009 3121 1110 3199 digitis

90 3217 189 3277 iurare
223 3211 374 3292 quondam
402 3215 496 3273 coacti
525 3221 606 3295 sunl,
639 3219 797 3291 antequam
825 3211 1044 3292 reciperentur,
1077 3230 1110 3272 se

91 3300 331 3365 immunitatibus
358 3320 425 3381 pop.
454 3300 636 3363 Genevcnsis
663 3300 741 3362 nolle
770 3300 933 3379 quidquam
958 3300 1111 3382 derogare,

93 3393 145 3455 sed
167 3391 299 3453 civitatis
322 3389 487 3452 custodiam
509 3392 583 3469 ipsis
606 3389 712 3451 incolis
735 3389 893 3450 relicturos
917 3409 973 3452 nec
1001 3392 1065 3451 sine
1088 3386 1111 3451 4

165 3583 194 3652 *)
214 3578 285 3635 Cod.
303 3579 382 3633 Duc.
401 3578 513 3648 Pfautc'3
532 3597 559 3635 v.
577 3580 662 3650 prior.
682 3579 765 3650 epist.
