2400 3966
135 187 178 252 80
567 185 588 243 1.
608 184 720 241 oratori
787 162 789 166 ’

136 339 241 417 sciam;
264 338 380 396 mittam
403 355 472 397 cum
489 334 643 396 tabellario
662 335 775 415 aliquo:
798 338 847 395 vix
865 339 946 397 enim
964 331 1196 415 supera<n>t·'l

136 433 221 485 terna
244 425 313 486 lolia
337 425 421 486 facile
441 424 583 504 epistolae
603 425 790 486 includenda.
827 425 861 485 In
881 444 938 505 qno
957 432 1058 486 tamen
1077 424 1154 486 nihil
1166 445 1192 488 n

138 515 271 576 ollendes
297 515 333 575 ad
355 521 441 575 tuum
464 521 591 594 gustum.
637 513 680 574 lta
703 532 758 593 ego
781 532 842 575 non
865 515 975 595 solum,
998 522 1032 575 ut
1055 533 1153 597 caneS,
1168 534 1193 578 11

137 603 236 664 Nilum
260 604 329 685 libo,
353 604 405 664 sed
428 610 459 664 et
481 602 595 664 catulos
613 604 829 683 pariocaecos.
865 603 944 684 Vale,
968 606 1014 663 vir
1033 604 1153 683 amplis·
1168 627 1196 689 sa

138 695 226 774 sime,
254 700 284 753 et
311 693 388 753 salve
417 712 434 753 a
460 699 511 753 tuo
539 691 678 753 omnibus
706 691 802 752 modis
831 691 972 773 Grutero,
1001 695 1053 772 qui
1080 693 1153 754 haec
1175 718 1196 760 u

136 781 350 861 praecipitabat
365 781 451 860 plane
467 781 615 860 extemplo
630 775 932 866 (Heidelbergae),
951 782 1000 842 die
1015 782 1094 843 lunii
1109 776 1152 844 8⁰.
1172 808 1196 852 :a

140 866 235 933 1607.
1174 879 1196 943 'n

139 1026 191 1130 61.
223 1058 313 1130 dl.nis
336 1061 569 1150 praestantiae.
592 1060 674 1128 viris
698 1061 811 1128 bllnn.
835 1060 985 1130 cunrado
1008 1060 1155 1129 11111111-
1175 989 1196 1142 ll

178 1169 283 1255 buslo,
307 1167 459 1236 lliebaeli
482 1167 644 1253 Picearto,
669 1166 854 1235 Christiano
877 1166 1027 1234 Acidalio
1035 1165 1073 1205 ³⁹³
1087 1219 1118 1234 ..
1184 1202 1196 1251 ἦ

140 1290 428 1361 (Heidelbergae).
854 1295 897 1345 1⁷.
916 1289 988 1359 Aug.
1008 1291 1155 1360 (1607)³⁹⁴.

205 1404 234 1465 S.
262 1404 293 1465 P.
334 1404 430 1465 Amici
457 1406 614 1464 triumviri.
661 1402 783 1464 Subitns
815 1403 962 1465 tabellarii
993 1403 1091 1466 abitus
1125 1412 1155 1465 et

138 1493 236 1554 luctus
264 1512 348 1554 meus
380 1512 469 1572 supra
496 1494 617 1554 modum
644 1500 678 1553 ut
704 1511 811 1553 recens
838 1495 880 1553 ita
907 1496 1068 1574 maximus,
1101 1512 1156 1555 cur

138 1584 264 1642 iunctim
286 1601 338 1641 vos
362 1581 545 1663 compellem,
569 1583 646 1642 facit.
683 1581 750 1642 Non
773 1583 943 1663 frustratu,
966 1581 1008 1643 Cl.
1027 1583 1155 1643 Ritters-

139 1670 220 1752 husi,
256 1669 438 1749 respiciebas
475 1672 507 1730 in
543 1670 594 1730 illo
631 1678 682 1731 tuo
720 1671 825 1749 grandi
861 1666 989 1732 luctu³⁹⁵
1023 1672 1059 1732 ad
1098 1689 1154 1732 me.
1182 1666 1196 1729 „³

140 1759 255 1838 Quippe
287 1758 321 1819 X.
354 1758 481 1838 Augusti
512 1778 617 1820 rursus
650 1762 737 1820 amisi
769 1760 994 1821 dilectissimam
1027 1779 1155 1839 meoque
1190 1784 1196 1823 1

139 1850 237 1908 animo
264 1850 385 1928 proprie
413 1848 521 1909 lactum
550 1851 706 1927 coniugem
731 1851 889 1928 praecipiti
911 1843 1036 1931 casum,
1065 1868 1156 1929 quem
1192 1861 1196 1913 t

139 1939 251 1997 reseies
280 1956 315 1998 ex
344 1938 507 1998 subitaneis
535 1940 611 1998 meis
640 1938 675 1998 ad
703 1937 757 1999 Dn.
780 1938 914 2000 Remum⁴
938 1938 1078 2010 Quamvis
1102 1939 1156 1999 do·

139 2028 263 2087 mastico
287 2025 383 2086 dolori
405 2034 501 2086 totum
525 2035 554 2087 te
578 2027 706 2108 dederis,
729 2045 789 2088 non
812 2029 926 2107 poteris
948 2034 1059 2109 tamen,
1082 2030 1156 2106 quin

139 2116 213 2175 mihi
240 2116 396 2176 condoleas
424 2124 454 2177 et
481 2117 566 2195 quasi
593 2134 668 2176 novo
692 2117 809 2176 feriaris
833 2116 968 2178 vulnere:
997 2119 1039 2177 ita
1061 2117 1157 2177 multa

139 2207 171 2264 in
194 2224 229 2266 ea
252 2212 282 2265 et
305 2207 383 2265 circa
407 2224 472 2265 eam
492 2212 585 2286 erant,
609 2224 683 2284 quae
703 2206 940 2266 misericordiam
959 2209 1090 2267 excitent
1108 2204 1156 2266 vel

140 2294 246 2355 lerreo.
283 2293 392 2354 Verum
414 2295 471 2355 hoe
493 2312 541 2355 me
563 2294 656 2354 solor:
680 2294 759 2373 quod
778 2294 856 2355 Deus
876 2295 966 2375 dedit,
989 2294 1069 2357 Deus
1088 2295 1156 2355 abs·

138 2383 220 2464 tulit,
248 2391 278 2444 et
304 2382 353 2444 ille
382 2384 502 2464 quidem
525 2383 617 2464 Deus,
646 2401 734 2462 quem
763 2376 847 2467 (eum
875 2384 1006 2463 quotidie
1030 2391 1157 2464 paterno

139 2476 258 2533 nomine
283 2472 471 2554 compellem,
499 2471 620 2534 iubente
647 2473 768 2552 quidem
790 2473 851 2533 filio
875 2475 940 2534 eius
962 2467 1067 2557 unico)
1093 2476 1157 2534 scio

140 2569 170 2621 et
197 2562 313 2621 confido
336 2561 415 2622 nolle
438 2564 555 2622 ruinam
578 2579 675 2637 meam
698 2568 754 2623 ete.
799 2561 879 2623 Haec
902 2561 990 2622 libuit
1013 2561 1158 2644 seribere,

139 2658 173 2710 ut
199 2668 318 2731 nosses,
347 2669 435 2730 quam
463 2653 586 2711 minime
613 2658 699 2731 aptus
726 2654 765 2710 sit
788 2651 824 2711 ad
847 2651 1027 2713 inveniundo
1051 2650 1158 2712 solatia

139 2739 204 2799 aliis
228 2737 286 2799 sibi
308 2743 408 2818 potins
432 2740 613 2818 applicanda.

205 2827 357 2906 Reliquias
379 2829 487 2889 Isidori
505 2848 521 2889 a
539 2829 691 2890 lanneloto
710 2847 867 2908 expressas
887 2828 1010 2890 servabo
1030 2831 1062 2888 in
1080 2836 1158 2889 tem-

139 2937 195 2997 pus
219 2919 427 2980 nundinarum.
468 2919 552 2979 'lunc
575 2921 664 2979 etiam
688 2917 860 2978 submittam
882 2920 978 2998 pretia
1001 2917 1158 3000 librorum,

140 3008 177 3067 de
201 3007 309 3087 quibus
332 3010 442 3068 iterum
465 3007 543 3068 vulsi
566 3026 668 3068 aurem
689 3001 871 3088 Bonutio³⁹⁷,
895 3009 947 3087 qui
965 3010 1037 3068 item
1057 3025 1158 3068 exem·

140 3095 233 3174 plaria
252 3100 352 3157 statim
371 3097 509 3176 supplere
527 3104 658 3178 paratus,
677 3115 752 3175 quae
771 3096 942 3157 defectuosa
955 3091 1158 3158 innuebas393.

139 3185 177 3245 At
198 3186 267 3265 tibi,
295 3187 365 3246 Dne.
389 3185 536 3267 Piccarte,
563 3186 656 3246 multo
684 3188 828 3246 maximas
856 3185 951 3246 debeo
978 3188 1090 3264 gratias
1119 3185 1158 3246 ob

139 3276 344 3335 transmissam
372 3275 607 3353 Disputationem
639 3275 676 3335 de
708 3274 868 3335 virtutibus
895 3269 1159 3357 imperatoriis³⁹⁹;

139 3380 200 3421 non
232 3362 363 3443 ambigo,
396 3365 468 3442 quin
498 3364 541 3423 ibi
567 3366 613 3425 tui
640 3364 747 3424 similis
776 3364 882 3444 fueris,
913 3363 1014 3424 brevis
1043 3371 1159 3447 acutus,

139 3449 254 3528 planus.
300 3452 367 3510 Tibi
391 3471 469 3533 vero,
493 3453 563 3513 line.
587 3453 709 3534 Acidali,
733 3453 859 3514 multum
882 3453 986 3533 debeo,
1013 3453 1092 3532 quod
1116 3454 1159 3514 le·

139 3542 217 3600 varis
245 3539 346 3600 labore
375 3542 530 3601 muniendi
556 3549 670 3601 tomum
694 3544 865 3602 criticorum
890 3549 1009 3602 sextum
1032 3543 1160 3622 epistola
