2400 3966
130 120 175 187 20
558 122 629 179 Eob.
647 123 732 178 Hessi

134 271 263 351 aliquem
286 289 445 352 congeram
468 291 501 332 ac
524 273 723 354 contempler,
751 275 860 354 pudeat
889 292 960 335 sane
985 292 1047 356 me,
1077 294 1097 354 q

65 413 68 418 .
130 360 211 421 nuDo
239 361 275 422 ad
302 361 382 422 hunc
409 380 504 441 usque
533 362 612 422 diem
645 364 756 441 insigni
787 363 887 442 aliquo
914 365 1091 425 testimonio

131 451 289 532 affecerim,
312 453 471 530 praeconio
495 453 653 533 evexerim,
675 452 761 513 titulo
786 454 925 514 ornarim.
964 453 1025 514 Sed
1044 455 1087 514 ita

130 547 232 600 ament
254 539 354 601 Musae
379 546 409 601 et
432 538 564 621 Gratiae,
591 540 764 611 iamdudum
786 541 844 601 tale
870 542 1025 621 quidpiam
1049 561 1098 621 ges

108 642 193 707 oque
221 647 320 689 meum
343 628 507 690 Draconem
534 628 581 689 vel
608 631 688 690 inter
716 630 863 691 semideos
889 630 997 692 heroas
1021 634 1098 711 posit

133 716 363 778 immortalitatis
383 716 475 797 gloria
495 718 610 779 donem.
644 717 729 779 Nunc
748 737 800 779 oro
815 725 854 800 te,
873 737 938 780 rem
956 723 1047 780 istam
1066 739 1098 780 n(

133 806 300 884 expeditam
323 806 368 866 da.
415 806 469 867 Est
491 809 571 868 enim
590 807 646 868 hoc
665 810 723 867 iam
743 811 870 868 maxime
890 812 1098 889 tempestivum

134 902 342 973 opportunum.
376 895 460 966 Quod
485 898 511 955 si
529 899 779 975 procrastinatum
799 899 856 957 erit
876 901 1039 979 negotium,
1063 900 1098 959 fu

111 986 223 1043 etiam
242 987 392 1045 amissum.
421 983 502 1045 Nihil
521 984 576 1045 tibi
594 985 726 1046 decedet.
754 985 816 1065 Ego
835 994 903 1066 post
923 987 1045 1067 paulum
1065 988 1098 1047 fic

97 1087 120 1128 ιο
133 1079 215 1132 tuam
241 1072 382 1134 liberabo.
427 1073 489 1134 lam
517 1076 598 1133 enim
628 1075 747 1134 fortuna
778 1075 880 1135 orbem
909 1078 1001 1137 istum
1024 1078 1098 1138 circi

134 1163 195 1240 agit
218 1163 365 1241 spiratura
392 1161 529 1223 blandior
557 1181 590 1223 ac
618 1162 732 1224 melior.
778 1162 822 1223 Ex
853 1163 948 1224 literis
971 1167 1098 1226 victitan

133 1250 197 1311 Tuo
220 1269 290 1312 vero
315 1251 424 1313 auxilio
448 1269 509 1312 non
532 1251 619 1311 modo
643 1270 830 1331 emergemus
854 1252 955 1334 altius,
986 1252 1039 1314 sed
1065 1261 1098 1315 et:

134 1338 262 1419 gloriose
285 1341 470 1420 triumphum
498 1340 582 1401 illum
609 1340 778 1420 paschalem
802 1341 1011 1421 spectabimus.
1058 1343 1098 1404 Hc

135 1431 248 1508 primae
278 1430 383 1491 decadi
410 1428 548 1491 Livianae
579 1428 774 1509 colophonem
804 1433 1009 1510 imposuimus.
1058 1432 1099 1504 Qt

96 1531 121 1571 15
135 1519 242 1578 sissem
265 1525 294 1579 te
318 1519 407 1599 domi,
431 1520 463 1578 ni
485 1519 592 1579 fuisset
614 1521 645 1579 in
669 1521 766 1579 animo
791 1520 932 1601 scribere,
956 1538 1031 1599 quae
1052 1539 1098 1582 cor

134 1606 207 1666 adeo
226 1625 286 1667 non
305 1606 458 1667 audebam.
483 1606 549 1667 Scis
568 1609 648 1667 enim
668 1611 766 1669 minus
787 1608 943 1688 epistolam
962 1609 1098 1671 erubesci

134 1693 228 1764 Quam
251 1697 381 1756 suaviter
403 1695 470 1756 heri
493 1714 548 1756 nos
570 1695 714 1757 habuisti!
746 1716 835 1775 quam
859 1697 977 1758 dulcem
1001 1717 1098 1778 quaml

133 1785 246 1862 regiam
269 1803 372 1845 cenam
396 1783 520 1844 dedisti!
545 1787 597 1863 qui
620 1784 712 1846 sales!
737 1805 812 1865 quae
832 1785 968 1848 facetiae!
993 1786 1098 1848 Nihil:

133 1874 347 1934 consuetudine
371 1873 537 1954 amabilius
560 1873 634 1934 nihil
657 1877 715 1935 isto
740 1877 877 1936 convictu
900 1876 1069 1938 formosius.

88 2017 115 2057 ro
243 1995 370 2057 Sicubi
397 1999 585 2077 conveniunt,
608 2004 736 2059 tractent
760 1999 892 2059 convivia
914 1999 1015 2061 Musae

300 2085 338 2145 Et
363 2084 489 2147 blandae
512 2084 642 2147 Veneres
665 2094 695 2147 et
718 2089 820 2148 niveae
844 2087 988 2149 Charites.

135 2227 193 2288 Sed
217 2246 254 2289 ne
277 2235 382 2308 poeter
405 2230 494 2290 etiam
517 2247 606 2312 nunc,
630 2249 697 2290 cum
725 2229 795 2291 licet
818 2232 954 2313 minime,
980 2234 1053 2293 satis
1077 2232 1098 2293 h

134 2317 170 2377 ad
193 2323 224 2379 te
246 2335 335 2379 nunc.
381 2316 508 2400 valebis,
535 2320 577 2378 mi
605 2320 758 2380 carissime
786 2318 894 2401 Draco,
926 2320 1088 2403 faciesque,

128 2408 228 2468 simus
251 2426 309 2468 una
332 2406 430 2470 hodie.
475 2405 578 2468 Aderit
601 2415 631 2469 et
653 2407 797 2470 Martinus
820 2416 931 2469 noster.
978 2409 1038 2471 Sed
1060 2410 1098 2472 he

93 2515 119 2556 es
133 2494 281 2576 placetne,
311 2502 345 2556 ut
372 2495 419 2556 vel
440 2495 529 2557 bodie
552 2496 598 2556 vel
626 2515 691 2557 cras
720 2497 866 2559 cucullato
894 2497 982 2559 alicui
1013 2501 1098 2560 insus

131 2626 345 2640 -—-—-—--,——-

207 2706 222 2755 1
242 2701 392 2757 comiciam
412 2703 498 2771 atque
544 2720 628 2772 quam
646 2721 729 2774 porro
748 2721 793 2759 me
812 2704 908 2775 pudet,
928 2704 1005 2774 quod
1021 2705 1098 2761 nullo

135 2772 228 2828 adhuc
246 2772 409 2828 testimonio
428 2772 534 2843 insigni
553 2773 694 2830 effecerim
784 2781 801 2830 3
821 2774 1098 2850 Sed-Draconem]

135 2846 192 2913 est,
217 2845 374 2899 Draconem
399 2861 492 2899 meum
519 2845 645 2900 animum
734 2844 897 2909 odonarim
972 2846 1027 2901 Sed
1052 2864 1098 2902 oro

135 2914 327 2986 nihilominus,
346 2915 446 2984 Draco,
466 2931 517 2985 per
536 2917 691 2972 amicitiam
704 2917 830 2972 nostram
843 2913 890 2994 vel
904 2914 965 2994 sino
979 2917 1098 2974 meista

71 3006 72 3009 ¹
135 2986 238 3042 moniis
258 2989 287 3042 et
306 2986 430 3042 divinam
449 2992 479 3042 et
497 2990 653 3056 aeternam,
676 2991 710 3041 ut
725 3002 786 3041 rem
804 2983 989 3040 nob1s1stam
1007 3006 1083 3045 nunc

135 3057 263 3126 peditam
282 3058 345 3129 des,
369 3077 454 3128 quum
477 3059 597 3113 maxime
623 3058 823 3126 tempestivum
841 3054 871 3107 et
888 3061 1098 3123 opportunum¹

135 3128 220 3182 Nosti
237 3130 429 3199 proverbium:
450 3131 555 3186 Fronte
574 3127 716 3198 capillata,
735 3127 801 3194 post
815 3125 858 3203 est
873 3127 983 3181 occasio
999 3130 1089 3186 calva.

134 3200 373 3268 procrastinatum
402 3218 468 3271 ergo
496 3199 646 3272 negocium
663 3195 762 3276 fuerit,
780 3194 870 3276 'fuerit
893 3196 980 3249 etiam
1003 3203 1098 3257 amissr

134 3268 226 3323 Hodie
245 3309 274 3324 ..
365 3277 400 3326 14
418 3272 603 3342 colophonem
626 3266 713 3338 (quod
732 3265 845 3345 d1c1tur)
932 3270 965 3317 15
984 3269 1067 3321 ni-
1088 3291 1098 3329 ε

135 3341 261 3412 bescere]
281 3342 304 3394 si
324 3342 398 3397 solus
418 3343 519 3398 fuisses
570 3347 603 3396 17
623 3356 706 3408 quam
725 3336 863 3415 dulc1ter?
880 3350 965 3412 ¹quam
984 3343 1080 3409 regie?

135 3410 227 3466 sales?
301 3416 333 3466 18
352 3413 433 3467 Nihil
450 3416 517 3485 ista]
538 3413 580 3467 nil
597 3415 647 3467 tua
728 3413 761 3463 19
780 3403 864 3483 thrl·
876 3403 945 3474 rste]
965 3408 1006 3460 nil
1024 3414 1074 3468 tuo

135 3488 169 3538 22
189 3483 392 3555 cum—nunc]
410 3485 481 3540 haec
500 3485 537 3538 ad
555 3487 584 3539 te
604 3481 673 3537 satis
746 3482 781 3532 24
798 3473 882 3528 hodie
900 3489 957 3526 una
1001 3479 1098 3540 Aderit

883 3668 1033 3750 A
