2400 3966
387 216 524 288 epistolae
916 214 961 282 43

85 367 289 446 superfuisset
318 369 476 449 temporis,
508 370 712 453 scripsissem¹
728 364 960 451 Camerariis¹⁹⁵‚

67 455 281 534 jingelshemio
304 458 335 516 in
359 456 457 517 reditu
480 457 738 518 commendassent
756 457 869 537 Msptos
892 458 959 520 illos

67 564 103 625 ts,
127 545 238 624 quibus
261 547 306 605 uti
328 548 438 626 cogit03
462 546 514 606 sed
538 548 681 625 temporis
704 554 848 626 puuctum
867 549 896 607 ei
915 550 960 608 rei

67 635 154 694 iecit.
198 634 231 694 Si
254 637 354 713 itaque
377 634 496 714 dabitur
519 637 733 717 opportunitas,
755 643 789 696 tu
812 654 860 696 me
882 638 958 697 iuva.

67 742 94 796 :o
118 723 254 783 nondum
277 723 455 802 exemplaria
478 723 527 784 illa
550 724 620 784 vidi.
666 724 707 784 De
731 743 797 785 meo
820 725 882 785 Van
905 725 960 786 der

67 807 87 845 '⁶
108 815 170 872 iam
187 831 284 892 nuper
302 814 415 892 recipio
434 812 549 873 litteras
567 832 622 892 per
637 807 834 894 Pistoris¹⁹⁶⁸‚
858 816 908 893 qui
928 822 958 874 te

67 911 75 961 t
97 911 128 961 et
148 909 234 961 amat.
271 901 385 962 Bonum
404 902 523 982 iactum,
546 904 573 962 si
591 905 729 963 iuvenem
747 903 784 962 ad
803 902 957 964 literarum

67 990 190 1050 subinde
214 990 381 1051 exhorteris
403 990 616 1070 abstrahasqne
639 1010 656 1050 a
675 995 825 1052 consortio
844 1010 957 1073 eornm,

69 1083 105 1139 in
130 1097 183 1139 ore
207 1087 237 1139 et
259 1097 360 1139 amore
378 1079 474 1140 Plauti
491 1079 541 1139 illa
559 1074 783 1141 Perbibesia¹⁹⁷.
820 1081 861 1141 ne
880 1081 957 1160 Chy-

67 1162 224 1228 athaue¹98
246 1187 306 1228 non
328 1171 443 1229 errasti.
479 1168 603 1229 Bremae
623 1171 703 1229 enim
722 1171 782 1248 agit
800 1177 956 1250 rectorem,

74 1266 106 1316 te
131 1257 206 1317 haec
230 1257 349 1317 docebit
371 1257 481 1337 charta,
504 1276 578 1336 quae
602 1257 671 1317 inde
695 1260 787 1318 missa
805 1257 879 1317 mihi
897 1261 956 1318 iam

114 1341 390 1423 Baumgartneri¹⁹⁹
425 1348 521 1407 vicem
559 1346 652 1407 doleo.
704 1346 761 1406 Sed
795 1364 956 1425 numquam

67 1454 96 1494 se
122 1434 200 1494 solet
221 1435 257 1494 ad
280 1435 375 1495 bonos
398 1453 497 1496 mores
521 1438 575 1495 via.
621 1435 693 1496 Utut
716 1443 774 1516 est,
798 1452 863 1495 amo
887 1453 956 1496 eum

67 1526 108 1583 ris
136 1526 340 1602 praeceptoris
367 1543 456 1584 causa
484 1531 514 1584 ct
535 1533 565 1585 te
590 1526 679 1584 etiam
702 1526 810 1605 magis,
834 1525 902 1603 qnia
926 1533 956 1585 et

70 1614 190 1692 innuis,
218 1612 273 1672 sub
298 1606 386 1674 eo²⁰⁰.
431 1613 502 1673 Mihi
525 1612 666 1673 Donellns
689 1621 753 1673 erat
775 1632 836 1674 non
859 1613 955 1674 solum

67 1703 199 1781 issimus,
214 1701 265 1761 sed
281 1704 468 1763 necessarius
482 1720 575 1781 paene
591 1709 621 1762 et
634 1709 748 1762 tantum
762 1721 822 1763 non
836 1722 954 1782 parens,

67 1791 221 1850 1Batavia
244 1798 305 1850 tota
328 1810 416 1851 nemo
439 1791 504 1871 fuit,
527 1793 576 1851 cui
599 1790 753 1872 addictior‚
778 1793 856 1871 qnod
880 1792 954 1852 mihi

67 1897 189 1957 magnae
217 1887 322 1958 reputo
351 1879 475 1960 gloriae,
504 1882 560 1940 etsi
589 1882 662 1960 sint,
689 1882 741 1959 qui
770 1883 835 1942 eius
859 1881 953 1941 famae

85 1967 228 2028 tribuant.
266 1967 477 2029 Genethliacon
500 1962 599 2028 filii2⁰¹
622 1968 731 2029 nudius
754 1973 861 2031 tertius
880 1971 954 2030 mihi

67 2064 80 2116 t,
105 2056 244 2116 Melissus
272 2065 302 2117 et
329 2058 423 2118 fateor
451 2077 498 2118 me
527 2060 599 2118 item
626 2057 684 2118 tale
707 2057 819 2137 aliquid
843 2058 952 2119 dehere

67 2165 90 2206 ae
120 2145 193 2205 adeo
218 2146 368 2227 affectum3
397 2147 449 2207 sed
473 2149 531 2206 iam
555 2146 680 2207 aliarum
704 2164 770 2206 sum
794 2164 895 2206 rerum
923 2154 954 2206 et

74 2233 214 2313 pluribus
242 2234 399 2316 distineor,
428 2254 516 2315 quam
544 2244 577 2296 ut
604 2238 642 2296 iis
670 2235 823 2295 commode
847 2242 952 2313 pectus

67 2324 175 2383 {fficiat
220 2323 264 2384 lta
292 2324 424 2403 undique
452 2325 488 2385 ad
516 2343 564 2385 me
592 2327 653 2385 itur
675 2326 890 2402 inquiruntque
914 2322 952 2383 de

65 2412 185 2491 iinsque
204 2412 262 2473 loci
280 2415 391 2474 veriori
409 2413 571 2494 intellecto,
593 2416 684 2473 immo
704 2413 777 2473 adeo
794 2429 951 2472 censuram

69 2510 103 2562 nt
126 2501 162 2561 de
187 2504 307 2581 scriptis
331 2503 469 2582 aliorum,
497 2503 606 2581 quibus
629 2511 745 2562 utnon
769 2500 952 2562 satisfacien-

67 2638 78 2670 v>
103 2599 203 2651 tamen
227 2599 385 2669 utrumque
410 2591 650 2670 respondendum
674 2598 729 2651 est.
767 2590 825 2650 Sed
845 2599 875 2651 et
893 2592 952 2650 iam

67 2679 199 2739 'reherus
222 2679 272 2740 ille
295 2687 406 2760 noster,
431 2688 464 2740 nt
487 2673 761 2758 Epithalamium²⁰²
784 2682 843 2759 ipsi
865 2681 951 2741 ador·

67 2776 256 2847 uacruntque
288 2787 324 2829 ex
354 2787 402 2829 me
435 2768 579 2829 iudicium
611 2768 648 2828 de
675 2765 793 2831 {palmis
820 2769 949 2830 Mauritii

68 2851 156 2917 vii²⁰³
184 2858 249 2917 eius
272 2852 488 2938 consiliarum,
517 2859 568 2936 qui
590 2856 660 2917 hinc
684 2857 890 2936 Studgardiam
914 2857 950 2916 ad

69 2966 118 3008 em
143 2948 315 3007 testamenti
335 2940 630 3025 wirtembergiciffi.
667 2946 728 3006 lam
751 2946 852 3026 habes,
876 2962 950 3023 quae

67 3055 132 3096 nmo
154 3035 233 3114 quod
251 3037 342 3113 potui.
380 3035 457 3114 Ergo
477 3035 540 3096 vale
559 3043 589 3095 et
608 3035 686 3095 salve
707 3053 774 3095 cum
788 3034 951 3095 lectissima

91 3142 163 3186 cum
189 3123 360 3184 dulcissimo
384 3124 483 3205 filiolo,
506 3126 555 3185 cui
576 3143 673 3185 meam
692 3126 787 3184 vicem
807 3121 951 3184 osculum.

69 3230 258 3309 elbergae‚
282 3231 329 3291 die
356 3228 405 3291 12.
429 3230 500 3291 Nov.
524 3229 660 3291 MDVllC.

467 3337 549 3397 Tuus
572 3344 652 3396 totus
676 3336 696 3396 1.
721 3335 906 3401 Gruterus.
