2400 3966
87 183 131 249 84
513 185 534 242 Ι.
554 137 676 241 Gruffl

133 335 209 406 Quid
232 342 349 395 vetusta
369 334 504 415 exempla
522 354 671 417 quaeram,
695 336 766 415 quid
786 333 939 396 recentia?
962 334 1104 396 Omnium
1118 370 1149 411 a:

131 423 228 484 lnstar
246 422 397 484 hoellichi
420 432 467 484 est
484 424 670 505 Theopistus.
707 424 783 486 Huic
801 443 928 485 noverca
947 425 1015 504 plus
1033 425 1106 486 honi
1118 461 1149 503 :a

132 513 284 573 Praestitit
302 513 433 574 Fortuna
456 532 545 592 quam
568 513 622 574 ulli
644 516 794 593 praestitit
817 515 966 593 quondam
987 532 1106 594 parens,
1124 532 1149 592 ᾗ.

133 601 208 664 Dum
231 601 310 663 hono
332 602 398 663 fidit
421 621 564 682 suamque
588 603 705 664 dedicat
727 605 817 663 vitam
840 602 909 664 Deo.
1129 644 1149 673 ψ

157 728 299 788 Salutarit
334 745 381 787 nro
417 727 483 787 heri
515 727 635 807 quidam
667 729 788 788 nomine
820 727 946 788 nlhertii
977 720 1106 788 nanim.
1124 734 1149 775 ἒ

88 817 155 878 Non
186 815 303 898 duhito,
336 819 408 895 quin
440 816 608 877 studiorum
635 815 797 878 similitudo
825 818 1008 895 ingenerarit
1035 820 1108 877 item
1130 811 1149 868 u}

89 909 256 967 animorum
280 905 477 966 concordiam.
519 906 616 978 Quare
639 907 683 966 uti
707 924 776 966 eum
799 924 816 965 a
838 923 886 966 me
910 924 970 967 non
992 903 1105 985 simpli·
1132 916 1149 958 ἱ]

90 998 165 1055 citer
188 993 308 1076 salutes,
330 993 493 1074 plurimum
517 1012 635 1074 quaeso.
674 994 781 1055 Casum
803 996 867 1055 eius
886 993 1021 1056 intellexi
1039 1012 1109 1055 eum
1134 1005 1149 1046 2³

89 1083 191 1144 dolore
216 1102 341 1144 summo.
387 1079 486 1144 ‘Dabit
508 1082 583 1144 deus
606 1083 653 1144 his
677 1101 795 1163 quoque
818 1080 930 1165 linem',
954 1091 984 1144 et
1008 1081 1109 1144 ‘Grata
1138 1082 1149 1138 a

90 1175 289 1254 superveniet
313 1191 387 1252 quae
411 1191 471 1233 non
495 1171 672 1253 sperabitur,
694 1166 834 1232 hora'ffl.
877 1172 910 1233 Si
932 1175 1008 1232 votis
1032 1174 1108 1232 meis
1141 1187 1149 1228 r

91 1262 162 1341 quid
185 1263 375 1343 proficerem,
402 1263 447 1323 rei
474 1279 633 1341 personam
655 1264 715 1322 iam
738 1280 817 1322 nunc
841 1264 952 1322 exisset
975 1264 1109 1322 omnium
1143 1276 1149 1317 r

90 1350 213 1412 calculis
242 1350 408 1432 absolutus,
436 1353 481 1411 ire
508 1350 677 1432 iuberetur,
705 1369 764 1429 quo
792 1369 860 1410 eurn
888 1350 983 1411 honae
1006 1350 1107 1410 Musae
1146 1368 1149 1389 ¹

91 1458 252 1519 earumque
276 1440 336 1500 dux
359 1439 461 1519 Apollo
485 1447 633 1500 vocarent.
678 1439 711 1500 Si
732 1439 866 1500 nondum
889 1438 944 1499 tihi
967 1447 1014 1500 est
1037 1440 1109 1499 ami-

91 1548 154 1609 cuS,
172 1548 210 1590 ne
229 1535 258 1589 te
278 1528 443 1588 absterreat
456 1528 534 1589 mala
547 1528 621 1590 haec
636 1530 700 1590 eius
716 1547 790 1609 sors,
810 1531 969 1607 quominus
984 1530 1109 1608 propius

92 1636 161 1678 eum
192 1617 248 1676 tihi
281 1616 424 1698 adplices3
457 1618 547 1678 facies
581 1625 611 1678 et
644 1618 811 1678 studiorum
841 1625 871 1677 et
898 1618 993 1678 lamae
1022 1616 1109 1677 hono.

92 1705 207 1766 Salvete
232 1704 318 1765 amho
344 1724 360 1765 a

778 1793 931 1855 Grutcro
954 1801 1064 1855 vestro.

301 2017 353 2087 64.
386 2021 412 2088 Ι.
437 2020 596 2088 Gruterus
621 2020 674 2088 011.
699 2019 898 2089 lloellichio.

92 2143 356 2213 Heidelbergae.
868 2147 910 2198 17.
930 2141 1006 2212 Sept.
1031 2147 1109 2196 1614.

159 2257 239 2320 Cl¹²¹⁰.
262 2258 577 2337 praestantissimoque
600 2257 664 2316 viro
689 2255 760 2317 Dno.
785 2255 998 2335 Christophoro
1021 2254 1110 2315 Hoet-

93 2347 183 2409 lichio
211 2353 315 2426 poetae
344 2345 476 2407 laureato
505 2352 535 2406 et
557 2344 613 2405 LL.
637 2345 793 2406 candidato
818 2352 848 2406 et
871 2347 965 2405 amico
988 2346 1111 2423 optimo.

91 2436 187 2497 lenae.

161 2525 189 2584 S.
213 2524 254 2605 P.,
277 2526 319 2585 mi
341 2523 502 2605 Hoellichi‚
526 2527 565 2583 et'
578 2522 653 2583 habe
677 2518 734 2582 tihi
756 2522 900 2602 plurimas
924 2523 1034 2602 gratias
1056 2540 1112 2601 pro

94 2612 200 2673 diebus
232 2611 379 2673 natalibus
411 2613 616 2692 professorum
643 2611 838 2672 lenensium.‘
874 2610 933 2672 Res
966 2613 1113 2672 successit

94 2719 185 2780 supra
213 2718 296 2779 spem
325 2720 434 2783 meam,
462 2701 514 2761 sed
542 2719 602 2761 non
630 2719 720 2780 supra
743 2707 852 2761 votum.
898 2699 1007 2760 Noram
1030 2701 1112 2759 enim

92 2796 280 2850 venustatem
301 2797 383 2849 tuam
401 2808 483 2850 mere
501 2788 704 2871 helcusticam,
727 2807 830 2850 noram
849 2791 1019 2849 comitatem
1036 2787 1112 2848 nihil

95 2878 290 2956 denegantem
314 2880 426 2939 amicis.
466 2877 568 2957 ltaque
591 2897 651 2939 non
675 2885 747 2959 erat,
771 2878 850 2958 quod
873 2885 933 2937 tam
956 2876 1059 2938 timide
1078 2885 1113 2938 tu

95 2986 216 3028 carmen
239 2986 255 3027 a
278 2984 326 3026 me
349 2969 381 3026 in
403 2964 535 3026 lauream
558 2961 685 3027 tuam⁴¹⁵
708 2967 888 3048 exambires3
917 2969 982 3028 iure
1005 2974 1057 3027 tuo
1081 2966 1112 3026 id

94 3074 219 3135 poscere
241 3064 375 3137 poteras,
403 3054 562 3116 dummodo
587 3056 658 3134 quid
682 3062 782 3116 tamen
804 3059 835 3116 in
858 3074 907 3116 me
931 3063 1025 3136 esset,
1053 3074 1112 3134 quo

94 3142 239 3205 honorem
262 3145 346 3205 illum
366 3153 451 3205 tuum
470 3143 627 3204 redderem
646 3144 856 3205 honestiorem.
894 3144 932 3206 Et
950 3147 993 3205 sic
1011 3152 1114 3205 tamen

94 3233 126 3290 in
148 3227 337 3293 Cicerone⁴¹⁶
355 3240 436 3294 totus
455 3240 486 3292 et
504 3235 636 3294 omnium
655 3233 773 3294 illarum
792 3252 894 3295 rerum
913 3251 1002 3313 quam
1021 3232 1114 3294 Musi-

95 3336 206 3399 carum,
229 3338 298 3381 ecce
322 3320 378 3381 tibi
400 3320 506 3381 lubens
529 3324 696 3401 meritoque
721 3322 877 3402 obsequor.

140 3441 234 3512 Quem
258 3450 360 3503 nahmi
384 3443 509 3504 Suadela
533 3463 639 3504 recens
661 3444 835 3508 Heliconide
860 3419 979 3527 lympha

183 3529 296 3592 Perluit
319 3550 353 3591 ar.
376 3533 497 3612 proprio
521 3534 615 3592 vinxit
638 3533 751 3594 Athena
774 3536 876 3617 peplo,
