2400 3966
494 109 532 163 ad
549 107 595 164 W.
613 108 772 165 Meurerum
869 73 873 79 ⁵
1099 110 1139 175 13

85 260 205 343 legere,
241 278 333 340 quos
364 257 456 319 audio
485 260 576 319 etiam
602 261 633 319 in
660 258 793 338 periculo
821 267 962 321 versatos.
1008 260 1040 320 Si
1069 260 1140 339 quid

86 350 259 413 literarum
282 347 427 429 allatum,
445 365 518 408 cura
530 345 674 408 hliscnam
692 349 895 430 perferendas,
913 351 1051 428 inprimis
1070 367 1140 410 rero

90 442 249 522 significa,
275 456 361 500 num
386 436 521 498 redditae
544 455 627 499 meae
646 436 703 498 tibi
727 440 796 519 sint,
819 437 928 517 quibus
948 440 1030 499 orari
1048 444 1087 516 te,
1110 446 1141 498 ut

92 531 262 593 adiunctas
294 526 551 588 Francolurdiam
577 520 753 588 mitteresffl.
799 527 831 588 D.
855 527 991 607 Agricola
1021 534 1141 587 strenue

93 623 195 700 pergit
220 623 261 681 in
287 616 376 678 lihro
399 615 436 677 de
459 607 587 697 peste⁶⁵;
615 616 860 697 comprobabis,
888 624 922 678 ut
945 615 1024 677 soles
1052 614 1141 695 illius,

98 728 165 771 cnm
203 713 351 789 propter
386 704 573 785 methodum,
612 713 676 767 tum
711 707 802 766 etiam
838 715 961 785 propter
1000 704 1143 784 exempla,

101 798 214 879 quihus
242 795 332 858 solet
356 812 444 856 suam
465 793 615 855 illustrare
639 794 813 855 doctrinam.
859 795 1027 874 Hospitium
1050 794 1142 855 l'uer-

103 891 161 949 teri
173 885 305 949 Sidelio
325 882 486 964 indicabis,
505 901 593 961 quem
611 885 686 944 iussi
700 902 781 944 meas
795 887 947 963 praesenti
960 885 1031 946 dare
1046 893 1144 945 certas

10 1011 18 1019 -
110 976 144 1037 oh
165 994 295 1039 causas.
335 973 457 1048 Marcus
479 966 741 1033 Bretschneider⁶⁰
764 976 795 1034 in
817 972 955 1034 Portensi
977 972 1047 1034 ludo
1072 973 1143 1034 edu-

10 1084 32 1137 s,
112 1074 193 1129 catus
215 1082 309 1127 nunc
338 1063 489 1143 principis
519 1062 668 1140 stipendio
696 1063 729 1122 in
756 1069 854 1123 restra
879 1063 1029 1124 academia
1052 1065 1143 1143 riret3

10 1169 42 1209 e.
117 1156 175 1216 eius
198 1171 321 1217 nomen
345 1151 404 1213 tihi
422 1158 525 1212 notum
549 1168 615 1213 esse
635 1154 732 1232 cupio,
756 1153 830 1212 civis
848 1154 909 1211 mei
926 1159 956 1212 et
974 1150 1144 1213 adolescen-

10 1255 51 1294 tu
119 1246 153 1304 tis
173 1247 317 1306 omnium
341 1247 573 1322 praeceptorum
597 1241 884 1311 commendationem
911 1243 1024 1319 meriti,
1052 1240 1144 1300 futuri

164 1528 389 1608 cremorem,
411 1524 501 1586 xuu.
520 1525 579 1586 cu.
603 1526 672 1586 usn
695 1525 821 1586 untur.

56 1634 64 1643 ‘
704 1632 881 1730 Georgius
904 1632 1099 1694 Fabricius.

356 1891 403 1963 12.
441 1892 477 1963 (i.
500 1884 672 1964 Fabricius
692 1895 736 1962 W
759 1896 919 1965 hleurero.

40 2048 52 2077 s
141 2016 380 2089 (Calcareuthi)
399 2016 680 2074 ruriadRederam.
920 2018 1147 2087 30.Apr.1553.

10 2207 15 2216 Ι
197 2180 204 2195 .
218 2180 225 2195 .
237 2133 402 2212 Vollgango
416 2130 552 2192 Meurero
566 2132 704 2193 medicin.
724 2131 841 2192 doctori
854 2138 885 2191 et
898 2129 1102 2210 philosophiae
1117 2132 1149 2190 iu

36 2256 45 2264 -
144 2222 282 2283 academia
294 2221 446 2301 lipsiensi
459 2221 622 2300 professori
639 2223 733 2281 amico
749 2212 802 2281 suo
823 2268 847 2281 ..
867 2221 946 2280 IIII.
963 2219 1148 2280 Matt1553.

34 2344 42 2353 ·
201 2311 229 2372 S.
243 2311 276 2371 D.
300 2310 392 2371 Binas
409 2315 476 2371 tuas
495 2312 605 2390 accepi,
628 2313 745 2389 priores
764 2312 891 2388 scriptas
909 2307 967 2368 VH.
982 2300 1052 2368 ldus
1071 2308 1149 2388 Apu,

18 2403 40 2443 ¹·
145 2397 241 2461 alteras
270 2398 331 2461 llll.
356 2398 415 2460 Cal.
437 2398 520 2481 Maii3
552 2418 604 2460 eae
632 2400 707 2460 mihi
734 2399 866 2459 redditae
896 2397 985 2459 simod
1013 2405 1082 2458 sunt
1105 2417 1149 2477 pr.

28 2541 36 2550 .
145 2486 196 2549 Gal
229 2488 386 2551 Declarant
409 2495 506 2549 autem
530 2489 661 2549 studium
684 2495 769 2549 tuum
793 2506 862 2567 erga
890 2507 938 2550 me
966 2496 996 2550 et
1023 2487 1150 2549 benevo-

145 2575 257 2639 lentiam
278 2585 419 2639 reterem.
464 2576 596 2659 LiteraS‚
624 2595 699 2656 quae
722 2575 965 2638 Francolurdiam
989 2580 1068 2639 mitti
1091 2596 1150 2638 non

92 2726 98 2741 ,
145 2674 313 2748 potuertmt,
340 2666 484 2728 Misenam
510 2684 614 2728 omues
643 2667 778 2726 remittas
806 2685 871 2748 oro,
899 2670 971 2729 item
995 2665 1151 2746 libellulos,

146 2772 212 2834 quos
234 2775 251 2819 a
272 2756 412 2817 Vnerteri
434 2775 612 2817 amanuense
636 2757 786 2835 accepisti.
820 2756 852 2816 st
870 2755 912 2817 ihi
930 2773 1073 2836 praesens
1091 2772 1151 2814 uon

145 2861 205 2927 ero,
234 2846 313 2926 quod
343 2853 443 2907 tamen
473 2864 575 2927 spero,
604 2844 735 2906 inscribe
767 2846 887 2926 iisdem,
909 2852 943 2905 ut
972 2844 1004 2904 D.
1028 2842 1152 2903 Iohanni

21 2941 28 2951 ‘
145 2927 360 2996 Tetelhachio⁶²
381 2937 494 3014 pastori
517 2942 620 2995 nostro
648 2934 684 2995 ad
708 2933 740 2994 ll.
763 2934 863 2995 hiram
891 2934 1061 2994 reddantur.
1103 2930 1151 2991 Li-

12 3045 25 3052 ·
143 3018 244 3085 tenor
265 3031 296 3085 te
318 3023 576 3105 isthicvidissem,
595 3024 648 3085 sed
667 3023 800 3103 prolecto
820 3023 894 3083 mihi
913 3021 1029 3082 obstitit
1046 3029 1153 3102 metus,

143 3115 191 3191 qui
212 3112 286 3174 mihi
309 3131 403 3192 paene
426 3131 495 3174 cum
517 3112 651 3192 periculo
670 3113 741 3173 titii
759 3114 886 3173 iniectus
910 3119 963 3173 est.
997 3110 1056 3172 Gal.
1075 3111 1153 3192 Maii,

23 3234 25 3239 ,
143 3208 174 3262 ut
195 3204 269 3283 scis,
297 3201 373 3263 mihi
393 3203 430 3263 ad
453 3203 583 3264 reditum
606 3204 783 3264 constitutae
803 3208 901 3283 erant,
929 3201 981 3265 sed
1001 3220 1080 3263 nunc
1099 3204 1154 3262 im·

12 3311 25 3319 ·
143 3290 264 3368 pediunt
293 3290 383 3372 lehri,
411 3293 463 3370 qui
490 3291 631 3371 ampliant
658 3291 721 3352 ludi
748 3284 939 3370 pomoeriaffl.
986 3282 1154 3352 Matthiasll

144 3378 252 3460 collega
273 3398 360 3441 meus
382 3383 443 3441 iam
465 3388 566 3455 certus
589 3388 635 3441 est
657 3380 694 3441 de
719 3380 898 3462 conditione,
921 3387 954 3442 ut
976 3380 1051 3440 mihi
1074 3379 1153 3439 vide-

13 3474 24 3487 *
144 3473 199 3550 tur,
221 3468 473 3552 splendidissima3
500 3472 634 3532 muneris
662 3468 727 3530 loco
756 3478 876 3531 centum
902 3468 1032 3530 thaleros
1060 3483 1153 3527 asuo
