2422 3944
136 197 180 260 48
539 221 541 224 ⁴
564 194 585 250 Ι.
605 193 716 250 Gruteri

139 349 316 407 mitteretur.
363 345 422 405 Sed
449 362 505 405 noc
532 347 644 424 patitur
671 343 750 404 istud
779 350 829 404 aut
854 362 937 404 amor
959 345 991 403 in
1014 350 1044 405 to
1067 361 1155 405 meus

140 444 190 496 aut
208 437 272 495 eius
291 435 495 513 flagitationes.
532 433 612 494 Adeo
631 441 726 493 toturn
745 434 824 493 diem
842 434 1036 512 praeteritum
1051 440 1155 512 postu·

139 526 209 585 lavit
227 526 313 603 quasi
331 522 443 604 pipulo‚
461 525 506 583 uti
525 541 557 582 se
576 540 731 582 onerarem
749 522 866 603 litteris,
885 522 963 601 quod
978 528 1011 582 ut
1025 540 1156 601 aequum

140 616 215 674 sorte
240 613 334 673 videri
358 619 459 693 queat,
483 619 514 672 at
535 611 591 672 boe
613 613 845 692 iniquissimum,
868 610 947 690 quod
971 610 1044 672 adeo
1069 611 1156 671 dere·

140 710 228 783 pente
262 720 294 763 se
326 719 363 761 ex
396 701 490 762 oculis
519 703 621 780 eripit,
653 703 734 760 visus
760 707 889 781 tantum,
921 718 980 760 non
1007 702 1155 779 pervisus.

140 792 353 852 Debuissemus
372 792 452 851 enim
467 789 579 850 diutius
593 797 676 850 tanta
690 791 755 850 eius
769 789 901 850 bonitate
916 796 1004 869 atque
1019 789 1157 850 doctrina

141 899 201 941 non
224 883 269 940 uti
291 879 396 960 solum,
419 879 472 940 sed
496 881 584 939 etiam
608 879 676 939 frui.
714 878 799 939 Nunc
823 874 917 958 quid?
953 878 1032 938 Adeo
1055 877 1156 939 subito

142 969 236 1030 avolat
262 972 347 1048 quasi
374 968 514 1048 aquilinis
542 969 662 1048 pennis,
689 975 723 1028 ut
746 971 793 1027 vix
816 968 873 1028 boc
895 967 1015 1028 licuerit
1038 985 1156 1028 summo

142 1060 337 1138 praecipitare
361 1076 456 1138 mane,
480 1074 539 1136 quo
562 1059 656 1117 scires
680 1056 792 1117 dudum
815 1057 1005 1136 respondisse
1026 1074 1075 1118 me
1095 1059 1158 1136 epi·

143 1147 234 1208 stolae
260 1154 329 1208 tuae
354 1153 384 1207 et
406 1147 608 1207 transmisisse
629 1145 798 1207 Francfurti
821 1139 905 1229 (sic).
951 1145 1037 1206 Nunc
1058 1153 1158 1206 autem

144 1239 219 1317 vive,
247 1236 323 1317 vale,
351 1238 394 1296 mi
416 1234 611 1317 Rittersbusi,
635 1237 683 1295 cui
706 1235 777 1295 licet
798 1236 999 1296 amicissimus
1023 1242 1158 1296 vestrum

142 1333 240 1386 tamen
268 1325 385 1385 invideo
414 1325 597 1405 Scipionem,
624 1324 697 1384 adeo
720 1323 820 1384 Musae
848 1342 952 1385 omnes
980 1330 1011 1384 et
1039 1323 1158 1385 Gratiae
1188 1323 1193 1334 “

140 1417 256 1494 pectori
279 1417 343 1475 eius
366 1414 498 1474 insident
521 1422 551 1474 et
570 1415 626 1474 ori.

186 1520 354 1601 Heidelb,
379 1521 427 1581 die
452 1517 502 1582 17.
527 1521 606 1599 Sept.
630 1519 752 1580 Muvlc.

187 1619 510 1687 Animadversiones²2³
530 1644 609 1687 nunc
628 1625 748 1686 demum
766 1623 821 1685 tibi
836 1623 988 1686 exhibebit
1002 1624 1103 1705 Scipio
1110 1619 1158 1706 ⁶²²⁴,

143 1716 230 1776 modo
254 1735 291 1776 ne
314 1733 364 1775 eas
388 1733 404 1774 a
428 1713 611 1774 Commelino
634 1722 735 1793 potere
759 1714 920 1793 negligens.

348 1973 398 2044 38.
432 1977 457 2044 Ι.
480 1975 642 2044 Gruterus
666 1977 697 2043 0.
720 1975 953 2045 Ridersbusio.

143 2099 408 2169 Heidelbergae.
845 2104 886 2154 ll.
904 2097 994 2168 April.
1014 2098 1160 2169 (1595)²²⁶.

210 2215 247 2274 At
269 2215 344 2274 tanti
366 2231 427 2275 non
446 2220 510 2273 erat
527 2210 657 2294 Plautus,
679 2214 772 2272 immo
789 2230 845 2272 nec
864 2214 929 2291 ipse
948 2211 1022 2272 deus
1039 2211 1162 2294 Comus,

144 2311 178 2363 ut
214 2303 281 2363 ideo
314 2321 416 2364 carere
447 2301 604 2363 debuerim
635 2303 831 2380 optatissimis
863 2303 924 2362 tuis
955 2300 1073 2362 litteris.
1123 2301 1162 2362 Fa

145 2391 316 2452 subirascor
338 2410 409 2453 sane
432 2391 564 2471 Posthio,
588 2392 614 2450 si
637 2392 701 2469 ipse
726 2389 775 2451 ille
794 2409 883 2452 causa
901 2391 958 2452 fuit
975 2391 1021 2451 tui
1037 2389 1163 2471 silentii,

145 2499 323 2560 quamquam
350 2488 450 2541 tamen
477 2487 510 2541 tu
537 2475 642 2560 <non>
670 2482 701 2540 in
724 2482 839 2541 minore
862 2499 947 2541 noxa.
992 2477 1058 2540 Etsi
1079 2481 1163 2540 enirn

144 2571 268 2630 fuissem
291 2569 397 2649 perdiu
422 2577 451 2630 et
473 2586 587 2648 pernox
608 2571 639 2628 in
663 2571 776 2630 comico
795 2567 856 2651 illo,
879 2576 910 2629 at
926 2575 1026 2630 tumen
1042 2574 1163 2630 tanturn

146 2665 226 2718 certe
251 2656 401 2719 subsecivi
424 2658 541 2737 clepere
564 2660 730 2738 potuissem
751 2659 905 2739 temporis,
929 2657 1009 2737 quod
1031 2659 1094 2718 tuis
1114 2656 1163 2719 lit-

146 2749 220 2806 teris
243 2746 460 2826 respondendis
483 2749 677 2826 impertirem.
719 2746 805 2809 Nunc
829 2747 950 2827 quidem
971 2745 1070 2809 nullas
1091 2766 1110 2808 a
1133 2754 1163 2808 te

146 2837 246 2915 recepi
265 2839 324 2896 nisi
343 2855 415 2916 quas
431 2835 557 2897 Gentilis
576 2843 679 2896 noster
693 2854 836 2916 praesens
850 2838 1002 2915 praesenti
1015 2834 1163 2917 exhibuit

146 2927 235 2985 immo
263 2925 339 2986 nibil
366 2928 482 2986 interea
510 2925 546 2985 de
569 2933 600 2985 te
622 2944 677 3004 per
700 2926 807 2985 lamam
830 2924 977 3006 intellexi,
999 2925 1060 2985 nisi
1083 2924 1163 3004 quod

146 3022 289 3093 cognatus
317 3015 379 3075 Van
406 3014 460 3074 der
482 3007 623 3097 Hagenl‘)
653 3013 768 3075 diceret
794 3022 824 3075 te
847 3021 929 3075 recte
952 3012 1064 3095 valere,
1094 3032 1163 3076 cum

145 3122 242 3182 nuper
277 3104 335 3165 buc
372 3104 551 3164 adventaret.
601 3104 638 3163 At
670 3121 724 3182 ego
756 3110 791 3164 ut
824 3106 855 3164 in
887 3102 990 3164 Plauto
1022 3103 1162 3165 assiduus
1195 3168 1198 3175 ,

146 3191 263 3274 luerim,
286 3211 389 3254 verum
411 3211 482 3256 sane
506 3199 642 3274 nonest,
666 3194 756 3255 immo
776 3191 843 3255 aliis
858 3195 943 3255 curis
962 3199 993 3253 et
1014 3192 1162 3254 molestiis

147 3281 190 3339 sic
214 3280 332 3363 obruor,
355 3289 389 3343 ut
411 3280 505 3343 libros
528 3283 577 3341 vix
600 3289 725 3361 tangam.
763 3281 800 3342 Et
823 3276 878 3344 nae
897 3267 1017 3342 Themis
1037 3281 1163 3345 fatidica

146 3366 267 3446 regebat
298 3369 451 3432 dexteram
482 3378 576 3451 tuam,
608 3373 651 3431 mi
677 3370 872 3453 Rittersbusi,
905 3388 974 3432 curn
1002 3368 1163 3454 scriberes,

148 3491 360 3501 ---,-.-

216 3558 242 3628 *)
260 3555 325 3613 0οά
344 3558 494 3632 Vmbapen,
514 3557 659 3616 sedidem
678 3558 854 3629 significatur
872 3575 905 3614 ac
919 3578 946 3630 p.
960 3563 1005 3630 41,
1020 3562 1066 3629 48,
1080 3564 1128 3619 4⁷.
