2400 3966
139 179 203 244 144
541 179 746 236 Adnotationes

135 323 287 378 Patavium
306 322 431 378 redirent
449 323 494 394 (ci.
515 322 651 378 ‘Itinera’
672 341 699 393 p.
715 326 768 393 41).
789 354 823 364 -
844 328 885 378 ia.
901 328 924 377 8.
946 328 1014 377 1541
1035 324 1157 380 Patavio
1197 364 1198 368 .

136 395 236 449 relicto
245 396 351 466 Wolfg.
367 397 402 450 de
412 395 544 450 Weither
558 412 621 449 cum
635 394 701 448 aliis
716 394 776 449 5155
791 393 921 448 Fabricio
937 394 983 462 (cf.
993 394 1158 450 Fabricium
1194 392 1197 398 ’

137 465 168 520 15
185 466 321 521 Itinerum
343 466 416 522 libre
435 472 494 537 p.5
514 470 544 521 55
560 465 657 520 Albini
675 465 824 520 historiam
837 465 1050 520 Werthererum
1068 486 1095 536 p.
1111 470 1156 537 48)
1193 480 1198 487 “

137 538 297 592 Insubrium
320 541 349 593 et
370 538 527 609 Liguriam,
546 537 740 592 Mediolanum
764 539 792 591 et
815 535 943 592 Genuam
960 535 1042 604 visit3
1066 545 1156 594 4.1o.
1196 536 1197 541 ’

139 609 288 663 Patavium
315 610 408 666 rediit.
429 643 462 650 —
482 616 524 664 31.
554 614 596 666 10.
627 613 694 662 1542
722 612 759 679 (v.
788 608 876 662 etiam
900 607 1036 663 ‘Itinera'
1061 629 1089 680 p.
1112 613 1157 680 18)
1197 640 1199 645 ,

141 679 243 749 Woffg.
258 682 293 735 de
307 682 440 736 Weither
462 681 615 735 comitante
640 679 770 734 Fabricio
793 680 913 734 Romam
935 679 1077 750 persenit,
1107 682 1159 736 ubi

138 768 226 821 usque
254 754 292 807 ad
316 757 492 810 1531543
517 752 711 807 substiterunt.
753 750 822 805 Inde
849 768 937 804 unuin
959 767 1159 821 parmensem

138 821 279 893 Neapolin
293 826 486 894 excmrerunt3
503 825 574 879 ‘Iter
583 822 820 894 Neapolitanum’
833 821 956 877 Fabricii
970 822 1159 892 (inltinerum

137 892 211 948 libro
224 912 251 964 p.
269 899 384 967 18-14)
404 895 639 977 subscriptionem
657 894 758 949 habet:
780 893 842 949 ‘xi
858 892 915 948 Cal.
931 893 1019 963 April.
1035 894 1159 966 Neapoli

139 966 234 1023 1643’.
261 967 326 1037 Ipso
345 983 440 1022 mense
454 965 547 1036 Aprili
559 967 679 1021 Romam
697 966 885 1032 reverterunt;
907 965 980 1019 ‘Iter
997 965 1160 1021 Romanuin

139 1036 308 1092 secundum'
328 1038 348 1093 1.
368 1055 391 1093 5.
413 1037 539 1093 narratio
557 1037 664 1093 reditus
683 1036 806 1107 Neapoli
824 1037 944 1090 Romam
963 1035 1003 1106 (in
1021 1037 1160 1093 Itinerum

139 1105 211 1162 libre
239 1128 266 1179 p.
291 1113 336 1180 21)
366 1109 601 1179 subscriptionem
628 1108 727 1163 habet:
758 1108 820 1163 ‘Vi
849 1106 907 1163 (lul.
936 1106 1025 1178 April.
1050 1109 1160 1164 Romae

75 1200 78 1206 ·
139 1181 229 1234 1543!
241 1211 275 1221 -
285 1180 362 1236 Maio
376 1197 472 1236 mense
485 1179 655 1252 profectioni
670 1180 737 1235 dato
753 1185 777 1235 1.
788 1179 815 1234 d.
825 1179 885 1233 Iun.
900 1195 995 1233 rursus
1004 1178 1160 1235 Patavium

46 1277 55 1295 ι
137 1248 327 1321 intraverunt;
353 1253 426 1307 ‘lter
443 1251 628 1307 Patavinum'
653 1251 671 1307 i.
692 1267 715 1306 e.
735 1249 843 1306 reditus
861 1250 1012 1304 Patavium
1030 1251 1159 1307 narratio

138 1320 179 1390 (in
201 1321 337 1378 Itinerum
363 1323 437 1378 libro
460 1343 488 1394 p.
507 1326 553 1393 33)
576 1321 745 1377 terminatur
768 1321 821 1378 sie:
852 1321 981 1376 ‘Patavii
1005 1321 1064 1378 Cal.
1084 1323 1161 1377 Iunii

140 1395 236 1447 1543’.
252 1425 286 1436 -
300 1396 381 1450 Unde
401 1394 553 1450 secundam
573 1393 766 1449 excursionem
779 1391 914 1447 Venetias
931 1392 1071 1462 fecerimt3
1092 1393 1160 1449 inde

139 1463 208 1518 data
223 1468 267 1520 est
279 1465 362 1536 epist.
377 1473 393 1521 9
407 1466 496 1522 B.-Gr.
513 1467 563 1521 ‘ex
578 1465 670 1521 aedib.
686 1464 861 1520 Cassandrae
876 1465 953 1535 apud
967 1465 994 1521 S.
1004 1464 1161 1520 Fantinum

139 1539 182 1590 16.
202 1540 227 1592 8.
253 1540 349 1607 1543’,
372 1538 453 1593 55155
476 1536 623 1607 inscriptio
647 1538 691 1592 est
710 1538 728 1592 ‘.
749 1579 755 1592 .
774 1536 903 1590 Meurero
927 1535 1066 1591 Germane
1088 1581 1095 1593 .
1115 1582 1121 1594 .
1142 1554 1160 1591 a

138 1604 237 1661 Padua
254 1608 286 1662 in
304 1608 423 1663 divinali
436 1609 468 1663 in
481 1625 548 1663 casa
562 1607 592 1661 di
606 1608 730 1663 Madena
744 1607 839 1676 Piza',
853 1612 983 1676 555521.
998 1612 1024 1662 3.
1040 1611 1160 1678 accepta

139 1678 190 1731 est.
235 1679 282 1734 ‘Si
310 1681 464 1735 adventum
489 1680 642 1749 nestrum’,
676 1678 776 1734 scribit
802 1677 963 1747 Fabricius,
993 1681 1160 1749 ‘expectare

138 1749 229 1818 potes,
256 1767 307 1805 nos
335 1750 390 1806 tibi
418 1750 558 1806 solvemus
582 1754 731 1823 (suminam
754 1748 898 1820 quandam
922 1749 1085 1821 pecuniae),
1116 1751 1162 1806 sin

138 1818 241 1890 minus,
259 1820 396 1877 iaciemus
410 1822 441 1876 id
455 1823 531 1891 qued
545 1821 685 1878 iusseris.’
722 1820 804 1876 Brevi
818 1838 884 1892 ergo
898 1820 1051 1876 Patavium
1064 1821 1160 1877 redire

140 1891 318 1963 cogitabant,
347 1894 459 1948 Meurer
485 1893 552 1948 inde
579 1892 728 1963 proficisci.
768 1891 878 1947 Itidem
901 1892 983 1969 epist.
1009 1898 1043 1948 io
1066 1893 1159 1950 aar.

139 1966 183 2016 30.
198 1965 221 2018 3.
243 1969 312 2018 1543
331 1964 437 2036 scripta
456 1968 500 2019 555
516 1964 692 2035 ‘Volfgange
710 1964 838 2018 Meurero
854 2007 859 2020 .
876 1963 1037 2034 .Patavii',
1057 1965 1160 2020 eedem

141 2031 187 2087 die
206 2038 332 2106 accepta,
351 2054 408 2105 qua
426 2036 512 2107 petit:
533 2034 629 2101 ‘Quae
647 2034 703 2091 tibi
720 2034 830 2104 reliqui,
851 2051 885 2089 55
903 2034 1042 2106 colligata
1059 2036 1100 2089 ad
1113 2053 1159 2091 me

138 2103 221 2160 mitte
240 2123 304 2161 cum
322 2108 439 2163 Vertere
458 2107 538 2162 brevi
556 2106 708 2177 redituro',
727 2106 787 2163 soil.
802 2105 965 2175 Patavium
984 2123 1053 2162 nam
1070 2107 1159 2178 paulo

138 2173 214 2230 infra
233 2178 342 2260 pergit:
367 2178 462 2245 ‘Quas
478 2222 484 2235 .
500 2221 506 2233 .
522 2177 659 2261 accepisti
681 2180 748 2248 post
771 2177 926 2233 discessum
947 2194 1055 2248 mcum,
1081 2179 1160 2306 apud

139 2247 168 2301 55
186 2250 286 2320 retine,
306 2252 395 2306 donec
413 2251 474 2322 ipse
493 2251 665 2307 adveniam.
681 2295 687 2306 .
703 2249 721 2304 .'
743 2281 777 2293 -
796 2248 941 2304 Mensibus
956 2248 1032 2320 Sept.
1052 2252 1082 2305 55
1122 2253 1159 2306 55.

55 2317 57 2321 ’
140 2323 209 2372 1543
227 2320 258 2374 15
276 2322 369 2377 reditu
387 2322 418 2376 in
431 2321 613 2377 Germaniam
631 2320 805 2391 consumptis
825 2320 1160 2392 io.1o.Beuchlingiam

140 2389 326 2449 deverterunt.
373 2393 519 2449 Fabricius
546 2392 672 2464 patriam
698 2391 797 2447 urbem
825 2390 1018 2446 Chemuicium
1046 2397 1091 2448 24.
1117 2399 1160 2448 10.

139 2461 250 2532 revisit,
274 2467 307 2519 ut
331 2465 429 2520 scribit
450 2463 584 2536 Agricola
607 2463 689 2534 epist
713 2465 811 2518 nostra
832 2471 855 2520 1.
875 2494 909 2505 -
926 2463 1161 2519 1155555551555-

139 2533 200 2586 tuni
222 2534 357 2591 15155115
377 2535 526 2604 remansit;
550 2541 592 2591 10.
608 2541 632 2592 1.
654 2540 724 2590 1544
743 2533 857 2590 Patavii
874 2533 1025 2605 Agricolae
1044 2533 1159 2591 litteras

141 2608 282 2660 1.1.1644
297 2607 416 2678 scriptas
431 2607 541 2678 accepit
555 2610 590 2676 (v.
600 2605 813 2676 inscriptionem
826 2604 908 2676 epist.
922 2607 947 2676 1)
962 2607 992 2661 et
1006 2611 1049 2662 31.
1060 2607 1161 2662 Martii

139 2672 206 2728 inde
228 2677 339 2733 litteras
361 2679 399 2733 ad
418 2679 523 2733 artium
540 2677 708 2733 facultatem
726 2676 900 2749 Lipsienscm
918 2675 1012 2748 dedit,
1035 2695 1111 2747 quae
1130 2677 1161 2734 in

139 2744 206 2802 Cod.
232 2747 299 2830 dipl.
324 2749 463 2805 saxoniae
485 2749 581 2820 regiae
600 2750 639 2804 XI
657 2768 686 2833 p.
702 2754 753 2804 565
773 2765 892 2805 excusae
910 2750 986 2805 sunt.
1022 2748 1161 2804 Raditum

140 2814 201 2872 eius
218 2818 331 2874 felicem
350 2821 583 2892 congratulantur
596 2820 730 2891 Agricola
745 2820 827 2892 epist.
843 2825 885 2875 13,
902 2825 925 2876 i.
947 2824 1018 2875 1544
1032 2822 1120 2891 (num.
1131 2824 1160 2890 2)

140 2889 169 2941 55
186 2889 332 2946 Fabricius
352 2892 434 2963 epist.
449 2899 481 2946 11
501 2892 591 2948 uer.
611 2898 653 2948 ie.
668 2898 693 2948 8.
715 2897 793 2949 1544.
825 2890 923 2946 Rediit
940 2890 1031 2962 igitur
1047 2892 1162 2948 Meurer

139 2975 197 3014 non
218 2963 308 3017 multo
332 2966 398 3018 ante
421 2964 505 3019 finein
527 2963 602 3019 lulii.
710 2961 748 3018 43
772 2963 836 3037 Lan.
856 2962 1027 3018 Bonamicus
1044 2961 1162 3019 Patavii

139 3029 310 3089 rhetoricam
338 3036 366 3090 et
392 3034 504 3089 litteras
533 3035 665 3105 antiquas
693 3035 891 3106 profitebatur3
920 3033 948 3090 ei
965 3033 1101 3090 Wertlier
1123 3034 1160 3089 ab

139 3101 198 3160 leh.
212 3104 330 3176 Pflugio,
349 3108 450 3177 postea
468 3105 599 3177 episeopo
614 3105 834 3177 Numburgensi,
852 3104 1005 3178 diligenter
1018 3121 1160 3162 commen·

141 3172 225 3229 datus
245 3180 307 3232 erat
325 3177 464 3247 (Albinus,
483 3178 549 3233 hist.
564 3178 776 3233 Weitherorum
815 3180 891 3249 .48).
923 3176 1013 3232 Aliud
1030 3176 1092 3233 eius
1106 3177 1160 3232 ali-

140 3246 253 3311 5555515
282 3249 312 3302 15
340 3249 480 3318 colloquio
509 3267 573 3304 cnm
596 3248 727 3304 Fabricio
754 3197 854 3304 helico
881 3247 992 3304 dietum
1014 3265 1033 3303 a
1056 3248 1160 3305 1155515

139 3313 286 3388 Drcssere,
314 3320 439 3376 Asianae
466 3323 574 3376 rectore
599 3326 785 3388 1574-1581,
812 3319 945 3376 traditur.
989 3319 1161 3376 Bonamiciu

140 3387 223 3458 enim,
242 3407 306 3445 cuni
324 3391 395 3447 alies
411 3393 613 3448 Germanorum
631 3391 706 3447 viros
722 3392 819 3447 doctos
834 3391 948 3447 555155
960 3392 1061 3464 magni
1075 3392 1161 3447 aesti-

139 3462 242 3540 maret,
266 3481 353 3530 unuin
371 3464 619 3519 Melanchthonem
638 3463 760 3534 excepit,
781 3464 816 3519 de
835 3481 890 3533 qne
912 3461 1037 3535 ε(155551
1056 3463 1160 3533 inquit,

142 3528 206 3586 ‘ille
225 3534 308 3589 home
326 3534 405 3605 loqui
424 3537 540 3606 incipit'
562 3535 868 3606 (555155555551).
896 3532 1046 3592 Fabricius
1060 3535 1161 3603 lectio·
