2400 3966
534 146 672 217 epistolae
1050 150 1114 214 115

39 330 41 345 ι
88 295 175 356 lando
196 312 335 374 unquam
356 296 513 374 acceperit.
550 294 772 375 Disputationes
786 297 905 358 Vestras
925 300 1113 379 inauguralcs

86 384 247 445 commodo
271 390 325 444 tuo
348 385 534 444 transmittes
558 385 647 446 etde
671 386 764 446 11111111
788 389 875 447 istius
899 397 982 448 aetus
1000 389 1113 468 publici

85 481 222 554 tempore
258 474 388 534 certiora
420 472 525 554 addes3
558 473 667 553 Copias
701 478 781 536 enim
813 483 842 536 et
874 476 1005 537 Noehius
1038 478 1112 539 nihil

86 563 141 623 sibi
165 563 205 623 de
230 579 270 622 eo
295 568 433 634 constare
458 561 607 624 adserunt.
653 563 721 624 Vale
746 572 776 625 11
799 565 877 625 salve
900 585 916 625 a
940 568 999 626 iam
1023 566 1111 628 dictis

85 654 192 713 amieis
215 653 334 712 nostris
357 668 466 730 meque
489 651 585 712 Tuum
609 671 675 713 esse
699 661 843 733 perpetuo
867 654 979 715 credas.

125 757 201 818 Dab.
221 757 404 838 Dantisci,
427 753 595 819 2111111111
615 778 638 819 a.
659 778 684 819 o.
705 779 728 821 r.
751 756 845 822 1624.

628 866 852 928 Hermannus
875 868 1063 948 Tedering.

237 1053 293 1123 811.
325 1057 363 1123 ll.
386 1055 613 1144 l'bederingus
637 1058 705 1126 Nic.
728 1058 960 1128 Rittersbusio.

84 1161 260 1216 Dantiaoi.
877 1170 920 1220 21.
939 1164 1009 1218 Maii
1029 1170 1106 1220 1621.

155 1323 163 1335 .
180 1323 186 1336 .
203 1273 269 1336 Nic.
287 1275 487 1337 Rittershusio
506 1276 566 1338 lcto
583 1325 611 1338 ..
631 1276 843 1356 lloenigsberg.
888 1277 975 1338 duim
997 1277 1106 1357 11111111-

85 1363 161 1425 hore
190 1365 226 1424 in
250 1363 305 1425 der
326 1364 397 1443 lang
420 1363 531 1426 Gassen
554 1366 604 1427 bei
627 1367 681 1427 der
703 1367 751 1426 Fr.
770 1367 885 1427 Marten
903 1365 1104 1427 Romerseben

85 1451 269 1532 abzugeben.

152 1542 465 1603 Praestantissima..
485 1543 547 1604 b'ic.
571 1544 754 1606 Rittersbusi
773 1591 801 1604 ..
821 1545 915 1604 amice
943 1542 1104 1622 plurimum

88 1629 226 1693 colende!

151 1719 211 1781 Sal.
244 1727 275 1780 11
301 1720 348 1780 oli.
402 1719 480 1790 Quas
508 1717 711 1784 Lobebnae⁵¹¹
744 1725 822 1783 inter
853 1721 984 1782 nobilem
1012 1725 1102 1782 rusti-

87 1827 212 1889 oamque
236 1812 444 1870 amoenitatem
468 1814 616 1891 superiori
640 1830 742 1872 meuse
767 1812 801 1872 ad
826 1831 873 1873 me
893 1811 1011 1892 dedisti,
1034 1819 1102 1871 ante

87 1905 150 1959 tres
178 1901 358 1977 septimanas
385 1907 467 1960 recte
495 1901 569 1962 mibi
596 1901 645 1960 hic
674 1901 800 1961 traditae
827 1909 904 1961 sunt.
946 1899 999 1960 His
1023 1918 1103 1961 nunc

86 1994 175 2049 eunte
211 1987 248 2047 ad
276 1987 333 2049 Vos
370 1992 556 2068 negotiorum
590 2009 713 2051 suorum
745 2009 832 2051 causa
864 1991 921 2051 hoc
954 2007 1019 2050 meo
1053 2008 1101 2049 co-

87 2085 174 2154 gnato
215 2077 397 2157 respondere
436 2078 559 2163 placuit,
596 2098 656 2141 non
694 2080 771 2158 quod
809 2078 932 2140 auribus
971 2077 1100 2138 oculisve

87 2167 146 2226 tuis
174 2164 294 2244 dignum
322 2167 394 2246 quid
422 2169 536 2230 1111111
559 2169 714 2250 haberem,
742 2168 794 2229 sed
817 2175 851 2228 ut
874 2169 971 2226 officio
996 2164 1101 2225 saltem

86 2272 152 2314 meo
180 2254 307 2315 lacerem
337 2258 422 2338 satiS,
450 2259 527 2338 quod
551 2279 567 2319 a
591 2259 693 2319 multis
718 2266 799 2318 retro
823 2258 908 2316 annis
932 2255 1025 2314 amira
1050 2260 1099 2314 tua

86 2346 305 2406 conversatione
325 2345 393 2406 Tibi
415 2346 582 2408 devinxisti.
619 2348 685 2408 Non
705 2345 864 2408 succedere
883 2343 1099 2423 prosectionem

86 2440 164 2494 tuam
187 2435 219 2495 iu
241 2433 354 2495 ltaliam
378 2454 413 2496 eo
436 2440 530 2516 magis
554 2438 653 2518 doleo,
682 2455 740 2516 quo
763 2436 858 2512 magis
881 2433 1098 2511 appropinquat

85 2541 179 2584 annus
210 2522 369 2607 iubilaeus,
407 2529 458 2605 qui
491 2546 557 2589 rara
590 2527 681 2588 multa
713 2525 861 2605 promittit
892 2518 1096 2581 visitatoribus

85 2610 167 2671 urbis
189 2615 326 2692 antiquae
350 2622 381 2675 et
403 2616 498 2677 adhuc
521 2637 576 2697 per
595 2617 696 2677 orbem
717 2612 938 2692 celeberrimae,
963 2609 1096 2689 quamvis

85 2698 164 2760 illius
195 2704 332 2780 antiquae
364 2706 447 2767 valde
480 2706 642 2768 dissimilis.
693 2705 782 2765 Forte
815 2702 931 2762 meliori
959 2701 1095 2760 fortunae

84 2787 162 2849 Deus
189 2797 218 2850 te
242 2802 386 2875 reservat,
414 2814 451 2856 ne
475 2796 552 2876 apud
575 2814 683 2876 parcos
705 2799 844 2873 parentes
869 2791 965 2851 denuo
988 2787 1096 2848 malam

84 2880 206 2956 gratiam
235 2882 330 2964 ineas,
363 2887 414 2963 qui
442 2889 540 2946 omnia
568 2885 624 2946 alia
653 2887 762 2944 virtute
790 2888 820 2942 et
843 2880 1019 2940 dexteritate
1043 2883 1094 2936 tua

83 2970 214 3029 mereris.
264 2970 402 3034 Ceterum
433 2975 515 3035 bisce
549 2974 654 3036 diebus
686 2972 872 3052 gratissimas
904 2967 1014 3045 diuque
1043 2963 1093 3024 de-

84 3055 224 3119 sideratas
255 3061 290 3120 ab
322 3063 415 3142 Ampl.
444 3063 497 3124 Dn.
521 3063 554 3125 b.
578 3064 670 3124 Remo
694 3061 820 3120 Fautore
852 3063 954 3116 nostro
987 3070 1106 3130 magno·

85 3149 191 3228 accepi,
217 3149 323 3228 quihus
347 3155 494 3232 significat
517 3156 615 3213 vivere
639 3149 789 3212 11111111
814 3146 854 3207 Cl.
874 3144 910 3204 M.
931 3143 1092 3214 Queccium

85 3252 151 3294 cum
168 3235 289 3317 reliquis
302 3241 464 3324 Altorfinis‚
484 3261 573 3322 quem
591 3249 624 3302 tu
642 3241 677 3301 ad
692 3244 793 3319 patres
807 3235 915 3295 abiisse
930 3249 1092 3313 persuasus

85 3339 156 3384 eras.
204 3325 306 3390 Frater
335 3351 452 3412 quoque
481 3339 551 3392 tems
578 3328 687 3391 111111.
712 3325 858 3404 Georgius
885 3329 967 3383 recte
995 3319 1092 3400 habet,

85 3413 131 3476 cui
157 3431 280 3494 nuperas
308 3428 374 3483 tuas
402 3423 568 3503 transmisi,
597 3426 719 3498 rogante
748 3418 787 3475 ita
815 3413 868 3474 Dn.
888 3412 1015 3492 Nochio,
1044 3411 1092 3470 eui

86 3504 195 3562 occasio
218 3511 339 3571 curandi
364 3512 429 3573 illas
453 3511 533 3572 nulla
558 3507 741 3587 suppetebat.
778 3504 812 3565 ln
836 3503 900 3563 dies
924 3505 982 3563 iam
1005 3499 1091 3559 Nori-

895 3602 930 3656 8*
