2400 3966
95 236 158 301 118
491 237 526 292 H.
546 235 718 308 Thederingi

44 493 47 499 ,
242 414 294 484 82.
326 418 363 484 Η.
386 416 613 504 Tbederiugus
637 415 705 486 Nic.
728 417 965 511 Rittersbusio,

94 519 262 575 Dantisoi.
872 527 915 578 28.
935 521 1011 591 Sept.
1032 526 1113 576 1624.

161 651 269 713 ..Nic
283 652 482 713 Rittershusio
499 652 570 733 Icto,
589 651 776 733 Polyhistori,
794 652 959 733 Polyglotto
979 671 1013 712 ac
1027 651 1113 732 Poly-

96 749 183 821 tropo
207 739 315 801 eximio
331 790 337 802 .
353 789 359 801 .
374 740 587 820 Koenigsberg.

160 829 258 891 ..lln
277 829 407 912 Nicolae,
431 832 524 890 amice
548 829 710 910 plurimum
733 828 871 891 colendel

161 918 219 979 Sal.
242 926 273 979 et
295 920 343 979 off.
390 919 465 979 Ante
492 918 548 979 bos
577 915 619 980 14
642 919 707 979 dies
735 927 765 979 et
788 918 866 997 quod
890 921 1036 999 excurrit,
1065 937 1113 979 re-

16 1071 21 1090 ,
95 1006 202 1087 spondi
220 1007 334 1068 ultimis
352 1011 422 1089 tuis,
445 1026 520 1087 quae
539 1007 755 1088 disputationes
773 1007 962 1087 inaugurales
978 1003 1112 1073 annexas

92 1095 248 1158 habebant.
295 1097 374 1168 Quin
400 1104 482 1157 recte
510 1095 577 1156 illas
604 1099 756 1176 acceperis
783 1099 894 1157 amoris
921 1099 981 1156 mei
1007 1096 1111 1179 lineas,

91 1203 153 1246 non
185 1187 257 1246 sinit
288 1205 336 1246 me
369 1185 505 1247 dubitare
539 1185 693 1246 familiaris
725 1192 755 1246 et
787 1186 860 1246 civis
890 1188 950 1246 mei
978 1193 1111 1265 spectata

92 1273 226 1354 probitas
249 1295 283 1336 ac
304 1275 388 1357 fides,
411 1277 461 1336 cui
479 1274 676 1336 curandarum
695 1273 813 1334 illarum
832 1292 940 1335 munus
960 1273 1109 1335 dederam.

91 1362 177 1424 Nunc
200 1364 254 1425 bas
278 1365 392 1425 lerente
415 1367 456 1425 ita
480 1365 636 1424 occasione
656 1362 745 1443 plane
764 1365 915 1443 inopinata
934 1363 1111 1444 superaddo,

92 1470 151 1531 quo
179 1452 251 1532 quid
279 1456 310 1513 in
338 1455 456 1532 negotio
480 1452 710 1513 Hainboleriano
736 1453 912 1535 perfeceris,
941 1453 1109 1531 significare

90 1543 238 1602 maturius
265 1545 377 1623 possis,
404 1541 489 1602 brevi
518 1544 596 1602 enim
625 1544 698 1602 civis
725 1541 775 1601 hie
802 1560 887 1603 meus
914 1540 1044 1602 reditum
1072 1541 1108 1602 ad

90 1647 146 1690 nos
169 1629 293 1709 parabit.
330 1630 374 1691 Ne
398 1637 498 1690 autem
520 1633 625 1691 inanes
648 1649 696 1691 me
719 1630 821 1691 literas
846 1630 1019 1709 obsignasse
1039 1649 1109 1691 eon·

92 1718 238 1796 querendi
266 1738 386 1780 causam
413 1718 535 1801 babeas,
564 1738 633 1780 ecce
662 1720 811 1800 significo,
839 1719 909 1798 quid
935 1722 1108 1797 nuperrime

90 1806 229 1886 Ampliss.
247 1806 280 1868 u.
299 1806 332 1868 D.
351 1807 461 1869 Remus
484 1815 588 1868 noster
610 1808 647 1868 ad
671 1827 718 1869 me
741 1811 960 1888 perscripserit.
1004 1807 1109 1869 Refert

90 1914 231 1974 magnum
246 1895 351 1976 Philip.
366 1896 570 1957 Camerarium
583 1897 638 1977 lC,
652 1896 756 1958 Horar.
772 1891 1000 1957 Subsecivar.⁶¹4
1015 1900 1110 1977 scrip-

89 1992 195 2066 torem,
216 1984 250 2044 X.
271 1984 330 2046 Cal.
350 1985 488 2056 Quinctil.
508 1985 543 2045 ad
564 1985 687 2046 coelites
705 1988 859 2066 migrasse,
878 1988 964 2047 cuius
982 1989 1108 2065 vestigia

90 2072 188 2134 tribus
207 2076 382 2154 septimanis
400 2082 469 2153 post
487 2083 608 2135 secutus
628 2077 666 2135 sit
683 2074 716 2135 ll.
735 2074 905 2154 Hieronym.
924 2069 1108 2135 Fezerus⁵¹⁵.

90 2162 169 2223 Tuas
188 2163 273 2223 fratri
288 2163 414 2242 Georgio
428 2162 462 2224 u.
480 2166 646 2224 transmisit
660 2163 885 2245 Werthemium,
905 2163 956 2224 ubi
972 2182 989 2223 a
1002 2165 1109 2243 paucis

89 2251 245 2313 mensibus
268 2255 328 2331 agit
351 2247 561 2313 consiliarium
580 2251 744 2314 Perillustr.
760 2253 908 2313 Comitum
931 2252 1109 2313 aLoewen-

91 2343 170 2402 stein
198 2344 230 2402 in
251 2340 429 2424 Franconia,
457 2341 607 2403 luculento
636 2340 795 2402 admodum
818 2342 966 2421 stipendio
990 2341 1026 2401 ad
1050 2341 1108 2402 boc

89 2448 199 2491 munus
222 2438 398 2510 pertractus.
435 2431 531 2502 Quem
554 2431 736 2491 fortunatum
758 2430 902 2491 bonorem
926 2438 956 2491 et
977 2430 1107 2490 honora·

89 2526 152 2579 tam
184 2519 332 2579 fortunam
364 2539 401 2580 ex
434 2522 533 2580 animo
565 2521 624 2599 ipsi
656 2518 839 2598 gratulemur
868 2527 898 2579 et
925 2519 1108 2598 gaudeamus

89 2608 261 2686 nostrisque
281 2608 438 2669 exantlatis
457 2611 537 2670 curis
556 2627 590 2668 ac
608 2607 760 2668 laboribus
775 2607 872 2668 simile
887 2606 1005 2687 aliquod
1019 2626 1108 2687 prae·

88 2698 184 2756 mium
207 2704 405 2776 expectemus
442 2697 555 2758 Messes
578 2700 658 2759 eirca
676 2696 872 2775 Noribergam
895 2704 925 2757 et
947 2699 978 2756 in
998 2699 1108 2757 vicinis

88 2783 164 2845 locis
187 2785 309 2846 fuerunt
331 2785 513 2867 uberrimae3
535 2793 617 2846 tauta
639 2785 750 2846 ibidem
772 2788 906 2846 nascitur
923 2787 989 2845 vini
1012 2786 1109 2866 copia,

74 2893 180 2954 ,quam
203 2874 291 2934 doliis
315 2893 375 2935 non
398 2877 536 2953 excipere
559 2873 711 2935 babebunt
733 2877 885 2956 vinitores,
908 2882 998 2953 prout
1017 2892 1108 2952 spon·

90 2963 162 3024 dent
189 2966 301 3024 vineae.
347 2964 384 3024 At
410 2966 507 3043 pretia
535 2981 636 3024 rerum
661 2963 704 3024 nil
726 2965 879 3023 remittere
903 2963 990 3023 audio
1015 2962 1107 3042 idque
1143 2999 1145 3004 ·

89 3070 145 3130 per
171 3052 435 3114 inexsaturabilem
462 3070 617 3112 avarorum
644 3051 813 3112 mortalium
838 3051 967 3112 habendi
991 3051 1108 3130 cupidi·

89 3148 189 3201 tatem.
240 3141 274 3201 In
301 3141 467 3202 Palatinatu
499 3143 653 3219 superiore
680 3140 768 3201 aedes
795 3140 980 3220 parochiales
1009 3139 1107 3201 salvae

42 3236 47 3247 “
89 3246 227 3289 mansere
247 3229 375 3311 civibus,
394 3229 557 3308 Ambergae
577 3229 635 3289 duo
649 3232 785 3309 primarii
798 3231 928 3289 nominis
942 3229 1109 3289 consiliarii

88 3314 313 3396 Maxaemyliani
333 3319 412 3379 diem
432 3337 519 3379 suum
538 3317 640 3378 obiere
659 3321 762 3396 sicque
775 3317 854 3378 lleus
869 3325 988 3378 coercet
1002 3317 1109 3378 Boico·

89 3424 158 3466 rum
177 3407 300 3488 animos,
319 3425 357 3467 ne
375 3415 491 3468 mutare
511 3406 582 3486 quid
598 3409 715 3486 possint
728 3409 761 3467 in
775 3406 928 3488 religione,
947 3414 1108 3485 quantum-

89 3497 134 3554 vis
167 3494 197 3554 id
230 3503 376 3575 appetant.
422 3496 455 3556 In
484 3495 624 3556 bohemia
656 3514 740 3576 vero,
772 3494 901 3556 Moravia
928 3503 959 3554 et
986 3495 1110 3556 dustria

91 3586 259 3664 persecutio
283 3593 440 3665 perennat,
464 3585 547 3651 miris
571 3603 605 3644 ac
626 3583 700 3644 diris
719 3584 815 3645 modis
833 3583 985 3664 pelluntur
1002 3583 1108 3658 Eccle-
