2400 3966
529 130 551 186 1.
570 129 681 186 Gruteri

308 311 360 381 28.
385 311 411 379 I.
435 310 594 380 Gruterus
621 311 652 378 0.
675 310 909 380 Rittersbusio.
1147 392 1155 415 ,1

101 435 367 506 Heidelbergae.
891 437 934 489 26.
955 431 1023 487 Iulii
1044 439 1123 492 1593.

168 548 233 609 Etsi
255 548 372 628 pridem
395 551 519 628 nuperis
542 550 602 608 tuis
621 547 829 627 responderim
847 565 967 626 unaque
986 550 1123 609 miserim
1154 592 1157 631 3

100 637 179 698 lunii
202 639 299 698 nostri
321 645 354 698 ut
376 637 499 716 petebas
517 637 687 717 Libitinam,
710 639 759 696 vix
782 642 884 696 tamen
906 653 955 696 me
974 643 1122 719 tempero,
1152 680 1157 719 3

101 729 173 805 quin
197 728 391 804 scriptionem
414 729 587 808 instaurem,
610 744 678 787 cum
697 727 796 786 norim
814 732 953 785 recentes
972 727 1122 787 amicitias

100 816 250 894 frequenti
274 817 420 876 sermonis
444 817 529 895 quasi
552 833 620 876 rore
641 814 782 875 fovendas
801 812 1021 893 augendasque.
1060 815 1121 876 Cur

99 903 137 962 id'
162 905 257 981 magis
285 902 388 985 velim,
421 905 491 965 iacit
519 903 615 965 oblata
643 903 845 964 commoditas.
891 901 1009 963 Mecum
1038 906 1120 964 enim

98 991 147 1052 hic
175 1000 221 1052 est
251 994 416 1054 communis
444 995 532 1053 amici
555 992 587 1053 D.
610 985 854 1052 Wesembecii1⁴³
883 990 992 1052 scriba.
1040 992 1120 1064 Ouid

98 1077 213 1160 igitur?
236 1080 449 1142 Communibus
472 1081 553 1142 tubis
574 1088 604 1141 et
628 1099 702 1160 quae
727 1098 814 1142 aures
839 1082 971 1141 suaviter
994 1080 1119 1144 titillant

99 1173 144 1230 uti
168 1189 238 1231 sane
262 1170 389 1250 amplius
412 1188 473 1231 non
495 1170 590 1251 decet,
612 1176 715 1249 utpote
739 1172 792 1249 qui
814 1171 874 1229 iam
893 1170 1023 1231 invicem
1041 1170 1119 1232 alter

98 1258 224 1320 alterum
247 1259 339 1339 probe
358 1262 501 1320 norimus.
538 1259 639 1339 ltaque
659 1257 862 1341 praescribam
879 1257 936 1318 tibi
955 1260 1118 1341 exemplar,

98 1349 177 1428 quod
202 1352 228 1409 si
252 1351 403 1429 sequaris,
430 1367 583 1428 nunquam
605 1348 702 1408 deerit
725 1347 866 1426 deinceps
890 1346 970 1426 quod
994 1348 1117 1409 interlo-

98 1457 233 1515 quamur.
280 1438 352 1498 Scin
375 1434 486 1517 quale?
526 1437 756 1498 Emendationes
780 1437 962 1515 suspiciosas
985 1436 1043 1497 tibi
1067 1456 1117 1517 og-

98 1544 199 1602 geram
222 1526 410 1586 examinandi
434 1544 530 1587 causa.
568 1525 605 1586 Et
628 1544 698 1586 vero
723 1543 833 1605 quaero
853 1543 869 1585 a
887 1531 927 1606 tc,
950 1527 992 1584 mi
1012 1534 1117 1605 argute

96 1608 308 1694 Palaemon¹⁴⁸,
340 1614 412 1693 quid
445 1613 503 1675 sibi
534 1614 626 1675 velint
657 1614 707 1675 illa
735 1614 865 1675 Senecae
898 1616 984 1693 epist.
1014 1610 1117 1678 96⁸⁹:

96 1702 203 1763 Audiat
230 1702 313 1783 licet,
341 1702 590 1782 quemadmodum
619 1705 732 1764 servire
760 1706 792 1764 in
821 1703 975 1764 sacrificiis
999 1703 1117 1786 debeat,

96 1785 215 1874 quodi)
244 1790 349 1870 procul
375 1790 492 1852 resilire
523 1812 539 1852 a
566 1792 701 1853 molestis
729 1791 1008 1874 superstitionibus3
1038 1812 1115 1854 nun-

97 1899 185 1959 quam
210 1882 282 1940 satis
300 1880 468 1959 profectum
487 1883 553 1961 erit,
577 1883 636 1942 nisi
655 1880 772 1960 qualem
791 1880 880 1942 debet
897 1879 992 1941 Deum
1011 1890 1114 1944 mente

96 1971 275 2048 conceperit.
312 1968 355 2030 lta
375 1987 478 2031 omnes
497 1970 579 2051 editi,
603 1988 706 2031 omnes
726 1973 838 2050 scripti.
874 1968 1019 2032 Veniebat
1039 1971 1116 2032 mihi

94 2060 126 2118 in
150 2066 279 2120 mentem
303 2057 427 2119 verbum
450 2062 605 2138 antiquum
628 2066 658 2120 et
681 2061 766 2120 ouius
789 2076 863 2124 usus
886 2060 917 2118 in
941 2061 1115 2122 sacrificiis:

94 2166 247 2226 nunquam
284 2151 356 2209 satis
393 2157 572 2227 prosectum.
622 2147 664 2208 De
697 2167 756 2228 quo
788 2147 894 2208 Festus
927 2155 957 2208 et
987 2147 1114 2211 Plautus

92 2236 223 2299 Poenulo
242 2237 288 2298 Sc.
304 2234 367 2298 ‘liii
385 2233 494 2299 illum’.
531 2237 613 2298 ldem
632 2236 755 2297 verbum
774 2255 840 2299 meo
860 2239 958 2296 animo
977 2245 1115 2316 aegrotat

93 2326 170 2406 apud
190 2326 385 2408 Lactantium‚
409 2326 461 2387 ubi
483 2326 615 2406 loquitur
634 2327 670 2386 de
690 2325 795 2387 Crucis
814 2329 912 2405 signo:
936 2325 1021 2397 Quod
1042 2346 1113 2389 cum

92 2416 295 2495 intelligerent
327 2418 493 2497 aruspiceS,
531 2415 742 2494 instigantibus
774 2415 882 2476 iisdem
914 2414 1113 2478 daemonibus

91 2505 200 2583 quibus
223 2513 381 2583 proserant
400 2511 455 2565 etc.
492 2504 629 2583 Legerim
648 2504 788 2565 fidenter:
811 2503 921 2583 quibus
940 2512 1111 2583 prosecant.

91 2593 249 2672 Specimen
277 2593 347 2653 dedi
374 2595 419 2654 rei
447 2595 527 2674 eius,
555 2613 643 2673 quam
671 2592 854 2672 intelligeres
877 2591 1025 2674 volebam3
1053 2613 1111 2656 nec

90 2682 175 2760 plura
199 2688 339 2762 annecto,
362 2681 501 2743 exclusus
524 2685 636 2763 iniquis
658 2685 803 2762 temporis
827 2684 939 2761 spatiis
985 2681 1110 2744 Imitare

89 2780 190 2832 tamen
222 2789 284 2850 me,
320 2773 363 2830 mi
395 2773 497 2831 amice.
543 2771 618 2832 Nam
650 2771 728 2850 quod
761 2772 904 2831 hactenus
937 2769 1039 2852 sileas,
1077 2772 1109 2832 id

90 2862 197 2940 opinor
220 2859 290 2921 inde
314 2866 373 2920 est:
397 2877 456 2918 non
481 2859 581 2941 habes,
605 2859 683 2939 quod
707 2859 861 2920 commode
885 2859 1003 2921 chartae
1028 2878 1109 2920 com·

89 2952 199 3011 mittas,
246 2946 345 3009 Salute
373 2965 470 3027 nuper
496 2967 544 3007 me
573 2948 669 3009 beasti
691 2954 749 3006 tua.
795 2946 837 3006 De
860 2965 894 3007 ea
918 2950 1028 3026 gratias
1053 2948 1109 3010 tibi

88 3037 180 3098 habui
213 3037 331 3116 pridem
363 3055 417 3116 per
443 3035 682 3097 Wesembecium
715 3053 823 3112 easque
857 3035 912 3095 tibi
939 3039 999 3098 iam
1026 3056 1108 3099 nunc

89 3128 209 3185 remitto
232 3127 412 3186 immensrun
435 3132 536 3186 auctas
564 3126 674 3184 amoris
702 3122 886 3182 devotissimi
909 3143 988 3186 aura.
1035 3126 1107 3206 Epi-

89 3231 214 3291 gramm.
230 3213 326 3291 aquod
349 3233 366 3274 a
388 3222 418 3273 te
442 3212 611 3293 cupiebam,
639 3219 672 3272 ut
695 3210 904 3289 Suspicionum
927 3217 981 3273 uni
1004 3214 1107 3276 libello

87 3301 304 3381 praefigeretur
310 3349 319 3382 7
343 3302 426 3362 avide
451 3302 546 3362 adhuc
569 3307 702 3380 expecto,
724 3317 779 3358 nec
803 3300 960 3361 frustrahis
984 3323 1032 3364 me
1055 3324 1106 3365 ex-

88 3423 301 3434 --—--—-

160 3491 186 3561 *)
205 3506 287 3562 quam
305 3487 392 3543 habet
410 3487 498 3543 editio
518 3484 693 3543 Gruteriena.

810 3674 941 3750 A
