2400 3966
10 3530 17 3657 l

10 3660 22 3771 l

491 192 630 265 wiso
1022 192 1067 257 63

74 349 150 408 ouiat
175 346 228 407 bis
259 343 376 405 multis
406 346 495 404 anuis
522 342 681 424 proximis!
726 343 811 414 Quod
840 343 877 404 de
907 342 1068 404 Gotolredo

72 435 173 497 nobas
194 435 376 516 postremis
398 431 511 514 literis,
540 451 579 494 ue
601 428 794 515 cederem*)‚
825 433 930 494 latiam
957 432 1068 513 hercle,

71 526 128 586 'uro
145 543 218 586 eum
237 522 386 602 alioquin
409 521 609 583 decrevissem
627 522 720 602 abire,
741 522 810 582 ideo
828 541 888 583 uou
907 521 1005 600 abibo,
1027 540 1065 581 ue

69 615 256 693 pelogam
275 629 333 671 me
351 609 603 690 quemadmodum
624 610 742 672 leonem
760 610 937 690 Aesopicum
955 613 1065 671 asinus.

69 700 175 765 hreuit
201 709 318 762 tamen
347 698 490 760 omuibus
514 700 612 760 modis
639 701 719 760 inter
744 693 852 760 nos³⁰¹.
898 699 961 761 Neo
984 708 1066 759 certe

67 790 143 872 ‘prid
165 789 310 871 amplius
333 790 370 848 iu
392 790 494 867 ipsum
514 807 643 870 possem,
665 788 736 850 licet
757 788 873 869 vellem,
895 796 926 849 et
948 798 982 848 ut
1004 788 1064 848 rel-

65 878 106 962 111,
121 899 182 942 uou
205 879 327 940 bearet
348 877 487 957 prolecto
507 897 563 957 per
584 880 651 938 eius
673 880 888 960 auctoritatem,
911 897 969 958 qua
987 878 1065 957 apud
1148 892 1154 901 ·

64 978 151 1031 osuos
168 968 268 1049 valet,
287 969 359 1046 ipse
378 965 495 1027 seilicet
510 968 714 1047 professorum
732 966 818 1045 louge
835 970 993 1047 maximus,
1011 986 1066 1046 ego

63 1076 106 1120 ruo
123 1061 294 1136 minimus,
324 1062 410 1116 certe
436 1054 502 1116 loeo
527 1056 660 1117 ultimus.
704 1055 814 1117 Verum
837 1057 910 1135 quid
931 1057 1005 1117 baec
1028 1057 1065 1117 ad

62 1148 199 1227 pistolam
249 1143 329 1205 Vale
352 1145 457 1223 potius
478 1148 609 1226 atrise,
630 1147 674 1205 mi
695 1144 891 1228 Rittersbusi‚
913 1165 982 1206 rum
1004 1149 1066 1206 tuis

61 1254 147 1298 remor
168 1237 249 1316 mei,
273 1235 342 1294 sive
367 1250 431 1314 ero,
454 1235 531 1312 quod
554 1237 653 1315 cupio,
675 1236 737 1295 sire
756 1253 817 1314 ero,
840 1235 920 1314 quod
939 1253 1067 1294 mereor.

83 1351 344 1424 Frauelurtim
366 1359 485 1438 raptim,
507 1358 556 1419 die
579 1356 631 1420 21.
651 1359 731 1438 Sept.
753 1356 848 1422 1600.

243 1635 303 1709 50.
334 1637 363 1704 Ι.
387 1635 547 1706 aroteras
570 1639 603 1705 0.
626 1638 859 1708 Ritlersbusio.

53 1762 309 1833 loidelbergae.
849 1767 890 1816 lo.
906 1761 965 1816 Ian.
986 1768 1063 1818 1601.

99 1861 128 1923 S.
146 1860 193 1942 R,
216 1858 277 1918 Vir
294 1854 479 1936 Clarissimo,
501 1863 531 1917 et
553 1875 626 1936 cape
649 1866 750 1919 votum
772 1857 861 1918 huius
882 1861 953 1918 anni
971 1857 1064 1936 pluri-
1133 1909 1137 1916 .

50 1967 143 2031 mque
158 1947 362 2027 sequentium
376 1943 447 2005 felix
461 1945 658 2027 faustumque,
676 1946 756 2026 quod
771 1946 915 2026 approbet
932 1954 1064 2007 orantus.

48 2035 121 2101 burs
143 2046 219 2100 tuas
242 2033 330 2096 nullo
354 2033 417 2093 lere
441 2034 596 2096 intervallo
618 2039 733 2117 recepi,
756 2039 846 2096 etiam
868 2039 973 2097 tertias
996 2045 1064 2096 anto

48 2126 146 2208 aliquot
173 2142 314 2188 meuses
361 2121 507 2184 Omnibus
538 2123 632 2185 debeo
664 2143 851 2204 responsum.
898 2123 957 2184 Sed
989 2123 1063 2183 nihil

48 2224 133 2279 luueu
159 2215 286 2278 referes
317 2218 440 2290 praeter
470 2212 583 2274 istbaeo
609 2213 736 2293 paucula
768 2214 804 2274 ab
832 2221 975 2292 occupato
1003 2230 1064 2272 uon

47 2304 124 2369 rebus
147 2305 259 2384 seriis,
290 2300 345 2362 sed
371 2303 460 2380 nugis
482 2301 636 2384 plurimis,
658 2303 769 2382 quibus
791 2303 905 2382 gaudeo
929 2310 960 2362 et
980 2300 1064 2380 plau-

48 2393 92 2456 doo
112 2398 146 2456 iu
174 2394 236 2455 hae
260 2390 406 2451 viduitate
434 2389 498 2451 vale
525 2392 612 2451 laetis
642 2392 815 2453 serioribus.
860 2391 898 2451 Et
921 2389 1065 2468 Scaligeri

48 2480 138 2546 literas
166 2487 256 2543 reate
283 2480 437 2557 recepisse
464 2474 612 2542 laetor³⁰⁸.
657 2480 765 2542 Laetor
792 2483 882 2542 etiam
906 2479 943 2540 ob
966 2486 1063 2539 traus-

48 2576 129 2634 uissa
151 2571 206 2633 illa
225 2571 261 2630 iu
279 2561 483 2657 Ortelium³⁰⁴‚
505 2588 581 2649 quae
600 2571 659 2630 iam
677 2589 757 2632 nuuc
776 2578 854 2651 sunt,
878 2587 976 2650 spero,
994 2569 1065 2629 Aut·

48 2665 167 2742 rerpiae.
205 2657 255 2720 0b
278 2675 315 2718 eu
338 2674 394 2735 ego
416 2657 473 2719 tibi
495 2666 526 2719 et
548 2658 690 2738 symbolis
713 2663 773 2720 tuis
793 2659 887 2720 multo
906 2660 1065 2720 maximam

49 2768 95 2830 ago
119 2750 283 2828 habeoque
315 2748 442 2826 gratiam
468 2747 516 2808 vel
543 2747 650 2809 Ortelii
676 2752 805 2809 nomino.
850 2748 1065 2828 Inscriptiones

49 2847 159 2902 nostrae
191 2840 244 2899 vix
277 2836 394 2898 decima
425 2845 510 2916 parte
542 2840 590 2898 sui
617 2845 703 2899 natae
736 2845 814 2899 sunt.
859 2836 955 2898 Erunt
984 2839 1064 2895 enim

50 2946 114 3008 opus
135 2932 247 3009 iugens
270 2933 303 2988 et
325 2925 509 2987 florenorum
536 2929 622 3006 quasi
650 2926 709 2988 XV.
728 2926 933 2988 Onosandrina
961 2930 1064 2983 nostra

51 3016 135 3080 adbuc
166 3008 275 3099 penes
295 3008 400 3076 me³⁰⁵.
459 3015 535 3076 Cum
568 3018 649 3076 onim
682 3015 881 3096 typographus
913 3012 964 3072 illa
995 3020 1063 3072 aute

52 3123 149 3170 anuum
171 3124 235 3168 nou
258 3103 430 3185 excuderit,
459 3104 552 3184 pudet
574 3124 655 3167 nuuc
682 3105 803 3166 demum
825 3105 962 3163 emittere
984 3099 1063 3161 talia.

52 3192 141 3276 ltaque
164 3195 244 3257 inibi
267 3211 346 3273 sum,
368 3200 402 3254 ut
424 3212 548 3273 augeam
567 3202 597 3255 et
615 3191 892 3255 dissertatiunculas
911 3191 996 3269 quasi
1018 3192 1064 3250 iu-

53 3285 170 3368 mmm,
188 3285 349 3346 discursus
368 3290 474 3343 vocant
492 3283 558 3344 Itali
576 3283 720 3362 Gallique.
752 3283 787 3343 lu
805 3285 850 3343 eis
869 3298 949 3341 nuno
967 3298 1065 3359 nugor

53 3368 177 3455 ludoque.
223 3371 339 3446 Quidni
371 3373 452 3432 enim
484 3372 515 3432 id
547 3375 588 3433 ita
620 3375 857 3452 interpretentur
887 3370 1002 3449 politici
1029 3387 1064 3429 ae

111 3563 386 3637 ponderatorem.
485 3628 489 3633 ⁴
