2400 3966
96 125 137 191 10
252 119 254 123 ’
526 125 673 196 Epistulae

88 276 237 357 precihuS,
261 277 337 336 votis
361 284 448 355 atque
468 277 550 336 omni
569 277 661 336 animi
680 277 793 355 impetu
811 274 902 336 allec
922 273 1108 335 contenden·
1142 306 1152 347 ;.

88 367 160 428 dum
183 373 237 427 est.
275 364 332 426 Sed
356 363 545 445 querelarum
568 367 648 426 satis.
685 364 718 425 ln
737 365 821 426 ltalia
844 367 930 444 quies
954 382 988 426 ac
1012 364 1109 425 otium
1139 397 1152 438 χ

89 464 143 518 est.
181 455 265 526 Quod
285 457 312 515 si
331 456 408 515 scire
428 456 522 535 cupio,
546 472 621 532 quae
642 453 847 533 superioribus
866 453 1023 514 mensibus
1042 461 1109 514 acta
1141 488 1152 529 ξ

89 552 166 627 sunt,
189 552 257 625 pete
281 543 450 623 exemplum
472 561 606 604 mearum
625 543 779 605 literarum
797 542 833 603 ah
852 541 993 604 llertelio.
1032 541 1107 603 Novi
1143 560 1152 619 :2

89 634 159 696 libri
181 635 230 695 hie
252 635 340 713 pauci
363 640 442 713 sunt,
464 634 524 693 nisi
547 650 622 712 quos
640 631 786 712 praebent
808 631 967 692 Germania
989 639 1021 692 et
1040 630 1109 692 Gal·
1142 702 1152 715 „

86 723 135 784 lia.
166 722 274 783 Paulus
297 721 364 782 hldi
386 721 427 802 F,
450 723 567 782 iuvenis
591 721 821 801 eruditissimus,
846 728 971 782 conatur
989 727 1108 782 restau-
1144 720 1152 803 ξ

88 831 155 872 rare
180 812 329 872 officinam
351 818 514 891 paternam,
538 810 590 871 sed
614 810 709 872 adhuc
732 817 851 891 praeter
870 809 1026 871 Ciceronis
1045 812 1110 890 epi·

89 901 192 982 stolas,
216 899 551 1020 explurimistetustis
570 900 740 961 emendatas
745 907 759 980 ‚¹
778 899 899 960 excudit
917 897 1001 979 nihil,
1026 899 1108 978 quod

89 1008 180 1050 soram
204 1007 258 1068 ego
291 1036 298 1050 .

176 1114 327 1175 Bornerus
355 1111 478 1175 meliore
506 1110 674 1173 valetudine
705 1113 811 1192 dignus
840 1119 916 1194 erat3
947 1111 991 1172 illi
1015 1114 1110 1173 etiam

89 1213 177 1284 atque
205 1205 295 1264 etiam
323 1202 501 1283 curandum,
532 1220 570 1262 ne
598 1201 731 1262 thermae
758 1209 854 1262 morte
884 1219 971 1280 opem
999 1201 1109 1282 lerant,

89 1295 168 1373 quod
186 1292 288 1353 multis
309 1293 419 1352 scimus
438 1293 619 1369 contingere.
651 1290 724 1351 Eius
743 1290 854 1371 literas,
877 1307 1004 1369 quarum
1023 1308 1110 1350 men-

87 1387 200 1444 tionem
223 1382 306 1462 sacis,
328 1399 389 1440 non
413 1383 523 1460 accepi,
547 1380 624 1458 quod
648 1397 708 1439 non
731 1397 836 1458 parum
855 1379 929 1439 mihi
952 1377 1109 1440 molestiae

89 1473 201 1552 adsert3
225 1489 293 1530 nam
316 1487 376 1529 non
394 1476 493 1549 potest
511 1487 571 1529 non
590 1487 657 1529 esse
676 1487 765 1548 quam
784 1470 995 1549 gratissimum,
1018 1468 1109 1546 quid-

89 1560 159 1640 quid
178 1558 214 1620 ah
234 1578 269 1619 eo
283 1559 493 1638 proficiscitur,
516 1560 601 1619 cuius
620 1560 713 1618 inme
732 1565 813 1618 tanta
831 1557 976 1618 beneficia
995 1567 1108 1619 extant.

87 1650 274 1710 Valentinum
292 1642 504 1707 Hedaricum⁴⁵
526 1654 556 1707 et
574 1646 721 1706 Andream
740 1644 893 1727 Sidelium,
915 1653 993 1727 tuos,
1016 1654 1052 1707 ut
1071 1666 1110 1707 ex

88 1756 192 1799 eorum
209 1735 343 1798 intellexi
357 1735 462 1816 literis,
481 1735 652 1816 discipidos,
669 1734 725 1796 tihi
738 1735 900 1814 plurimum
915 1735 1110 1797 commendo:

54 1904 59 1916 Ι
89 1828 169 1888 hunc
192 1824 229 1885 oh
248 1824 387 1885 Matthiae
411 1824 512 1885 fratris
535 1827 567 1884 in
590 1843 638 1884 me
658 1843 788 1884 amorem
807 1834 837 1885 et
856 1824 997 1906 studium,
1020 1823 1109 1885 illum

89 1916 126 1976 oh
153 1917 247 1995 patris
274 1916 380 1973 merita
408 1920 437 1973 et
469 1915 516 1974 ius
544 1914 696 1975 affinitatis
724 1916 831 1974 merito
864 1913 962 1992 diligo.
1010 1913 1109 1984 Quae-

87 2023 204 2083 cunque
229 2010 400 2063 omamenta
418 2004 451 2062 in
469 2002 536 2063 illos
560 2002 731 2084 contuleris,
754 2005 786 2062 in
805 2021 852 2062 me
876 2002 981 2063 collata
999 2005 1105 2063 existi-

32 2134 34 2137 .
87 2093 182 2155 mabo.
214 2092 345 2170 Uterque
367 2091 464 2152 bonus
487 2100 517 2153 et
540 2092 691 2154 studiosus
714 2094 795 2152 visus
819 2099 874 2172 est,
897 2098 985 2170 egent
1003 2098 1105 2155 tamen

87 2183 237 2244 interdum
256 2180 428 2243 calcaribus.
461 2180 520 2242 Des
539 2201 659 2262 operam
679 2200 740 2262 oro,
763 2200 800 2241 ne
819 2181 866 2241 vel
885 2198 941 2241 usu
959 2179 1108 2261 malorum

87 2273 133 2334 vel
156 2270 304 2351 aliquibus
327 2269 527 2350 voluptatibus
551 2290 583 2332 se
607 2271 714 2332 abduci
732 2290 748 2331 a
766 2269 976 2350 pulcherrimis
996 2270 1106 2331 studiis

87 2364 244 2441 patiantur.
272 2359 449 2421 Rescrihere
464 2358 583 2420 illorum
598 2360 694 2420 literis
708 2360 764 2420 hoc
779 2367 913 2439 tempore
932 2377 992 2419 non
1011 2362 1106 2440 potui,

88 2470 179 2530 quare
202 2468 250 2510 me
274 2455 447 2509 excusatum
466 2448 624 2509 habebunt.
664 2447 708 2520 Ne
728 2451 848 2508 omnino
866 2446 941 2509 nihil
959 2466 1104 2520 novarum

87 2557 188 2599 rerum
212 2537 248 2597 ad
272 2544 301 2597 te
324 2538 488 2618 mitterem,
515 2537 577 2596 vidi
599 2554 695 2615 nuper
724 2537 919 2598 excellentem
946 2539 1104 2617 picturam,

88 2646 145 2705 qua
172 2627 300 2686 Venetae
324 2624 412 2685 urhis
440 2643 539 2686 mores
567 2631 637 2685 sunt
666 2629 813 2706 express13
846 2645 911 2686 eam
941 2627 1103 2705 depingere

87 2715 173 2776 aliter
196 2732 321 2795 nequeo,
345 2732 433 2792 quam
456 2714 504 2774 his
527 2712 696 2773 versiculis:

153 2859 273 2918 Armate
296 2855 399 2918 dextra
422 2855 527 2917 Veneti
549 2857 659 2935 premit
682 2873 734 2914 ora
756 2853 864 2914 Leonis

219 2947 348 3025 Imperio
371 2952 454 3006 tanto
477 2945 553 3005 sacta
577 2944 705 3023 superba
727 2943 826 3003 Venus

153 3035 388 3115 llemulcensque
412 3052 502 3095 manu
524 3040 688 3112 pectusque
711 3050 884 3110 unguesque
910 3035 1031 3096 sinistra

219 3123 348 3184 Molliter
369 3123 488 3183 insidiis
512 3125 544 3182 in
567 3139 620 3182 sua
643 3124 708 3182 iura
731 3121 830 3182 trahit.

155 3212 230 3272 Tum
253 3211 378 3272 viridem
401 3211 532 3291 praefert
555 3210 690 3291 palmam,
713 3211 847 3270 victricia
871 3211 964 3289 signa,

222 3299 311 3377 Signa
335 3303 382 3360 sui
404 3300 507 3360 lllartis
531 3299 702 3376 depositura
726 3302 801 3359 sinu.

154 3389 215 3448 lam
238 3387 375 3466 Neptune
398 3395 483 3448 tuum
506 3387 615 3447 Veneri
638 3389 766 3448 concede
791 3386 960 3466 tridentem,

221 3477 333 3556 Regina
356 3484 402 3537 est
424 3478 510 3555 regni
523 3476 647 3548 ,scilicet
670 3476 719 3537 illa
743 3479 794 3537 tui.
