2400 3966
331 667 361 739 l.
394 668 430 739 (1.
448 668 609 757 Agricola
626 671 681 739 W.
699 670 859 741 ldenroro.
895 678 899 685 '

87 774 287 846 Kempnieii.
524 781 528 788 '
902 777 1004 835 11111.
1025 784 1103 839 1544.

148 908 243 968 Docto
268 914 299 968 et
322 893 403 968 claro
427 908 492 966 viro
515 907 542 967 d.
562 906 589 967 d.
608 906 789 988 Vuoligango
806 905 962 971 Meurero¹
988 890 1104 974 medico
1167 995 1172 1004 Ι

90 1006 116 1058 11
138 1000 235 1058 amico
260 1015 337 1057 meo.
384 998 508 1076 Patavii
528 997 581 1056 10.
605 998 694 1058 Febr.
712 999 809 1059 1544.

73 1118 75 1122 ·
150 1087 179 1147 S.
203 1086 235 1147 P.
261 1084 294 1146 D.
332 1084 416 1145 ¹Ante
444 1085 523 1146 diem
546 1084 595 1146 [x.
619 1085 678 1146 Cal
702 1085 843 1148 Novemb.
870 1087 991 1148 domum
1014 1090 1104 1152 rediit

89 1175 231 1254 Georgius
266 1167 454 1256 Fabricius²,
486 1177 604 1236 iuvenis
637 1194 705 1235 cum
721 1203 723 1206 >
737 1176 833 1236 literis
866 1184 896 1236 et
927 1176 1041 1238 Latinis
1074 1187 1104 1240 et

90 1263 207 1326 Graecis
232 1264 381 1344 eruditus,
406 1271 471 1324 tum
493 1267 525 1324 in
548 1266 655 1343 primis
679 1265 831 1326 studiosus
854 1264 1017 1344 elegantiae
1041 1286 1103 1328 ser-

91 1357 190 1414 monis.
238 1353 297 1424 Qui
319 1353 411 1413 multa
433 1353 507 1413 mibi
529 1356 660 1414 narravit
683 1353 720 1413 de
739 1353 829 1435 baiis,
851 1354 888 1414 de
907 1354 1043 1436 Vesuvio,
1066 1356 1102 1418 de

90 1451 185 1504 monte
209 1443 364 1523 moderno,
387 1445 439 1521 qui
461 1461 570 1503 nomen
593 1461 630 1502 11
648 1461 694 1523 eo,
718 1443 797 1522 quod
815 1461 913 1523 nuper
932 1447 972 1504 sit
990 1454 1103 1527 enatus,

91 1525 221 1611 repetit³.
264 1531 368 1592 Omnis
392 1534 457 1593 eius
481 1550 579 1592 sermo
603 1531 678 1592 mibi
700 1534 880 1611 cognitionis
898 1553 1000 1596 rerum
1018 1543 1103 1596 natu-

92 1621 193 1683 ralium
211 1621 321 1701 cupido
335 1621 392 1682 suit
406 1630 516 1702 gratus,
535 1623 604 1702 ipsi,
623 1624 675 1700 qui
689 1624 829 1704 narravit,
846 1630 913 1683 non·
922 1613 1102 1686 iniucundus

92 1729 152 1772 esse
179 1713 262 1771 visus
290 1718 348 1791 est,
377 1711 456 1789 quod
483 1717 635 1790 repeteret
660 1714 819 1792 memoria,
847 1731 1042 1792 quaecunque
1070 1717 1102 1774 in

93 1802 125 1859 iis
151 1801 226 1861 locis
254 1799 369 1861 viderat
395 1807 446 1860 aut
469 1800 610 1861 audierat.
657 1800 715 1861 Sed
739 1800 909 1883 Fabricius,
935 1821 1103 1882 quanquam

91 1892 184 1950 omnia
211 1889 287 1950 mibi
309 1888 467 1968 diligenter
491 1891 641 1970 exposuit,
669 1896 699 1950 te
726 1896 827 1951 tamen
850 1891 993 1971 quaedam
1017 1911 1102 1953 aecu-

94 1981 179 2040 ratius
203 1977 376 2039 observasse
399 1979 475 2040 dixit
498 1985 528 2038 et
550 1978 673 2040 uberius
697 1978 847 2059 explicare
874 1999 977 2060 possea
1018 1981 1102 2051 Quod

92 2069 183 2146 ipsum
206 2067 281 2128 mibi
304 2067 341 2128 de
364 2074 408 2149 te,
431 2085 519 2146 quem
544 2069 654 2128 scirem
677 2071 715 2128 iis
739 2069 846 2129 studiis
868 2070 995 2130 mirifice
1019 2069 1101 2130 dedi·

92 2163 161 2238 tum,
193 2175 253 2217 non
281 2156 444 2217 difficiliter
470 2159 627 2236 persuasit.
673 2157 771 2228 Quare
798 2164 828 2217 te
856 2157 940 2217 avide
968 2165 1102 2240 expecto,

91 2253 117 2306 et
142 2265 231 2327 quam
257 2247 400 2328 primum,
428 2247 455 2307 si
482 2246 637 2307 commodo
667 2254 719 2307 tuo
742 2247 840 2307 lacere
864 2248 975 2327 possis,
1002 2247 1101 2308 redire

93 2335 158 2396 volo.
208 2335 290 2396 Idem
322 2334 477 2396 Fabricius
513 2335 616 2397 literas
652 2342 720 2396 tuas
752 2334 788 2395 ad
819 2352 868 2395 me
901 2334 999 2396 attulit
1031 2354 1102 2397 sane

91 2443 173 2503 quam
196 2424 348 2503 elegantes
371 2432 402 2485 11
419 2432 487 2486 tuae
507 2443 577 2504 erga
595 2444 643 2486 me
661 2423 885 2485 benevolentiae
904 2422 1101 2504 plenissimas.

91 2512 185 2594 ltaque
217 2514 304 2574 binas
336 2532 353 2574 a
380 2521 409 2575 11
438 2517 539 2594 accepi
567 2514 679 2575 Patavii
706 2513 803 2595 datas,
836 2532 961 2594 quarum
990 2513 1102 2596 alteriS,

92 2604 163 2682 quod
191 2610 238 2664 est
264 2602 337 2663 boni
365 2603 504 2683 discipuli
534 2610 565 2664 et
592 2605 682 2684 grati,
710 2605 828 2665 eximiis
852 2603 990 2665 laudibus
1014 2622 1101 2666 ornas

90 2699 294 2772 praeceptores
326 2687 413 2752 tuos⁴
443 2693 523 2754 loan.
537 2750 541 2756 ,
555 2691 637 2772 Bapt
670 2687 860 2760 Μο111111111115
893 2702 924 2755 11
939 2693 1103 2755 ‚Andream

91 2775 298 2862 Vucssalium⁶,
322 2779 424 2842 alteris
448 2782 524 2843 dicis
548 2790 578 2842 te
597 2780 721 2862 Neapoli
745 2801 812 2844 oum
830 2783 991 2845 Francisco
1010 2781 1101 2842 Bran-

88 2865 224 2932 ealeone⁷
249 2870 411 2932 contulisse
435 2889 589 2932 sermones
613 2871 650 2932 de
671 2871 788 2954 herbis,
810 2872 921 2934 Romae
945 2890 1013 2932 cum
1036 2870 1101 2932 Gis·

39 2990 41 2997 ν
87 2958 169 3021 berto
192 2953 333 3020 Η1111118
360 2960 396 3020 de
425 2961 532 3022 iisdem
556 2967 586 3022 et
610 2960 737 3022 metallis
761 2962 886 3041 aliisque
908 2959 1033 3022 multis·
1060 2960 1102 3022 dc

86 3047 257 3110 Montanum
285 3049 419 3131 quidem,
449 3069 539 3130 quem
566 3069 603 3110 11
631 3051 692 3111 tuis
720 3050 816 3112 literis
843 3048 976 3128 intelligo
1004 3052 1101 3111 virum

83 3156 149 3200 esse
183 3146 214 3200 11
243 3137 424 3200 industrium
457 3148 486 3200 11
518 3140 668 3201 cruditum
701 3146 731 3200 et
762 3142 794 3200 in
826 3147 889 3200 arto
917 3139 1101 3202 medicorum

85 3227 227 3289 tradenda
246 3227 428 3311 diligentem,
446 3248 545 3291 amare
561 3231 656 3311 coepi,
674 3247 735 3290 non
749 3236 810 3290 tam
824 3229 903 3307 quod
917 3227 994 3290 bene
1011 3233 1102 3292 sentit

87 3314 122 3377 de
149 3315 236 3377 libris
258 3319 349 3398 meis,
377 3337 452 3398 quos
475 3319 512 3380 de
535 3321 686 3381 mensuris
708 3325 738 3380 et
760 3318 943 3400 ponderibus
967 3314 1100 3400 scripsi⁹‚

84 3422 174 3484 quam
201 3405 281 3486 quod
303 3405 515 3488 Hippocratem
543 3417 574 3470 11
597 3409 742 3471 Galenum
769 3418 850 3471 reete
878 3411 1101 3489 interpretatur,

84 3501 206 3555 secutus
228 3495 396 3556 Aristotelis
420 3500 565 3558 rationem
589 3499 717 3560 docendi
738 3498 825 3578 longe
849 3497 1003 3578 omnibus,
1026 3513 1101 3575 quae

140 3604 213 3655 uano.
227 3615 287 3647 1111.
300 3606 359 3648 XVI
372 3610 395 3648 et
407 3608 483 3649 xm
926 3602 940 3650 1
