2422 3944
507 232 645 303 epislolae
670 275 672 278 .
1022 235 1087 300 123

67 383 141 444 Utut
165 401 197 443 se
221 401 271 443 res
294 381 414 463 haheat,
438 382 519 460 leges
543 391 662 444 nostrae
687 385 838 443 neminem
860 385 892 443 in
914 391 1087 464 paupertate

66 475 167 532 vivere
190 490 288 551 neque
311 473 345 531 in
367 473 515 532 anxietate
539 475 617 532 mori
639 475 830 553 permittunt;
854 471 1032 533 eluctaheris
1057 481 1088 534 et

64 562 112 622 Tu
136 559 362 622 difficultatibus
385 559 533 642 omnibus,
557 563 583 620 si
603 579 676 640 quas
696 561 837 622 incidisti.
874 560 912 621 Ni
931 562 972 622 Te
993 564 1087 641 quieti

63 651 138 711 dare
161 651 362 729 constitueris,
386 649 522 729 Spartam
542 649 1086 711 3113131113311333333333333-
1142 721 1147 732 Ι

65 739 268 819 temnendam,
282 756 358 817 quae
372 746 492 817 praeter
505 741 617 821 victum
631 746 661 799 31
675 742 816 799 amictum
826 739 954 800 liberum
965 751 1085 801 centum

65 827 262 889 loachimicos
289 845 405 887 annuos
433 827 469 886 ad
495 829 652 887 minimum
675 827 743 888 'libi
765 830 869 908 pariet.
915 829 982 908 lpse
1006 829 1086 890 illam

65 925 99 978 ut
124 924 198 997 puto
221 934 281 976 non
304 915 482 996 negligeret,
510 919 543 976 ni
566 919 625 976 iam
648 917 685 977 de
709 918 861 978 functione
885 918 1003 998 publica
1027 921 1086 998 ipsi

64 1012 261 1086 prospectum
279 1012 372 1085 essot3
395 1007 568 1085 nuperrime
588 1008 667 1066 enim
687 1009 812 1067 actuarii
832 1025 854 1066 s.
874 1007 990 1068 scribae
1009 1011 1083 1088 reip.

64 1093 338 1172 Mariaeburgensis
355 1096 483 1173 opimam
497 1097 682 1173 provinciam
695 1098 875 1177 impetravit,
894 1114 983 1175 quam
996 1115 1084 1157 nemo

63 1183 163 1245 honus
190 1185 250 1262 ipsi
275 1181 433 1263 invidebit,
462 1186 513 1262 qui
536 1191 566 1244 et
588 1182 638 1244 1113
662 1191 692 1243 31
716 1187 798 1244 omni
821 1183 876 1244 alia
899 1187 1084 1264 prosperiori

64 1273 185 1333 fortuna
209 1271 402 1351 dignissimus
426 1279 480 1332 est.
519 1272 657 1333 Ceterum
681 1274 713 1333 in
735 1292 769 1333 ea
788 1276 852 1353 ipsa
870 1273 945 1334 urhe
964 1274 1082 1334 viduam

62 1361 261 1442 praedivitem
290 1379 358 1422 cum
382 1361 498 1421 duobus
520 1361 624 1422 liberis
648 1361 733 1421 duxit
756 1362 867 1441 Copius
890 1369 1005 1443 noster,
1034 1365 1084 1423 eui

62 1451 197 1512 faustum
214 1450 271 1511 hoc
284 1452 406 1510 nomine
420 1449 616 1528 hymenaeum
631 1450 850 1529 apprecaheris.
887 1450 957 1512 Post
970 1452 1083 1512 Pascha

62 1539 100 1600 ad
124 1541 246 1618 nuptias
264 1539 306 1598 Te
330 1537 420 1599 dubio
441 1539 546 1618 procul
572 1538 721 1620 invitahit3
745 1542 833 1600 citius
857 1543 938 1601 enim
961 1541 998 1600 ad
1017 1540 1083 1602 illas

61 1628 208 1690 accedere
230 1645 286 1706 per
308 1626 390 1706 leges
414 1627 494 1688 illius
517 1627 576 1688 loci
593 1629 761 1707 pontificias
781 1632 865 1690 novis
885 1633 1003 1709 sponsis
1022 1649 1082 1691 non

63 1718 145 1779 licet.
191 1715 233 1776 lle
266 1734 314 1776 me
347 1716 419 1794 quid
451 1719 572 1777 interim
605 1718 668 1798 fiat,
702 1720 728 1777 si
760 1737 898 1801 quaeras,
930 1721 971 1780 ita
998 1719 1082 1781 habe.

62 1806 182 1867 Patriae
210 1823 310 1865 amore
334 1803 458 1865 Galliam
487 1814 517 1865 et
540 1804 729 1867 Germaniam
756 1807 879 1890 reliqui,
908 1827 982 1887 quae
1012 1809 1082 1869 alio·

60 1898 137 1976 quin
165 1893 314 1973 hospitem
342 1912 389 1954 me
418 1893 547 1955 libenter
570 1897 777 1977 retinuissent,
805 1900 968 1976 propositis
992 1901 1082 1958 variis

59 1994 91 2046 et
115 2000 275 2045 munerum
298 1981 487 2060 publicorum
510 1991 540 2043 et
558 1983 631 2043 lauti
650 1987 832 2046 matrimonii
851 1986 1081 2049 conditionibus

60 2073 123 2134 Sed
147 2072 196 2132 his
218 2070 356 2131 omnihus
374 2074 498 2150 insuper
515 2072 626 2132 habitis
645 2073 680 2133 ad
700 2092 783 2134 meos
801 2073 995 2136 Dantisoauos
1014 2096 1081 2156 per·

60 2162 195 2241 gendum
222 2159 305 2240 duxi,
333 2178 393 2220 non
421 2160 559 2221 defutura
587 2169 617 2221 et
639 2162 689 2221 hic
712 2160 762 2221 illa
786 2170 882 2244 ratus,-
911 2183 985 2242 quae
1010 2164 1086 2225 alibi

60 2245 159 2335 (quod
179 2251 254 2310 citra
272 2251 443 2309 iactantiam
462 2243 580 2333 dixero)
602 2253 737 2310 certatim
753 2251 962 2313 offerebantur.
995 2251 1081 2314 Nunc

60 2340 216 2402 diversum
242 2340 353 2398 sentire
378 2340 503 2418 incipio,
532 2338 648 2417 quando
672 2357 743 2419 prae
767 2341 858 2400 nimia
881 2340 1081 2404 litteratorum

60 2432 93 2490 in
112 2429 211 2508 patria
229 2429 339 2488 civium
358 2429 443 2506 copia
461 2426 560 2487 locum
579 2427 656 2506 apud
676 2445 759 2488 meos
773 2428 863 2489 talem
877 2431 955 2490 intra
969 2450 1080 2511 paucos

60 2535 158 2579 annos
185 2515 260 2576 mihi
287 2515 460 2595 praevidere
488 2534 548 2576 non
575 2534 711 2596 possum,
739 2519 770 2576 iu
799 2536 857 2596 quo
886 2521 1003 2580 animus
1033 2540 1080 2581 ac-

59 2609 208 2688 quiescat.
253 2603 291 2664 Et
317 2603 387 2664 licet
410 2605 557 2665 Venerum
585 2612 755 2665 nostrarum
783 2609 877 2685 gratia
900 2608 967 2669 talis
990 2609 1081 2671 fuerit

60 2695 212 2773 hodieque
245 2695 298 2773 sit,
329 2700 363 2753 ut
394 2695 483 2772 potiri
518 2692 567 2753 illa
595 2695 684 2753 etiam
713 2713 781 2754 cum
809 2695 926 2757 delectu
952 2716 1013 2758 non
1042 2702 1082 2760 sit

60 2781 197 2863 difficile,
220 2800 252 2842 re
276 2783 366 2842 etiam
389 2781 467 2842 lauta
490 2785 675 2863 insequente,
698 2790 798 2844 tamen
822 2803 965 2863 quorsum
988 2787 1080 2848 multa

59 2873 132 2935 tulit
157 2872 288 2950 lecitque
316 2889 404 2951 puer,
438 2871 554 2931 sudavit
582 2879 613 2931 et
640 2871 719 2953 alsit,
748 2891 890 2951 quorsum
918 2875 1080 2936 multorum

60 2978 165 3024 mores
195 2959 349 3020 homiuum
380 2962 535 3038 conspexit
562 2967 592 3020 31
620 2960 723 3042 urbes,
758 2965 783 3022 si
810 2962 885 3022 nihil
912 2963 1019 3025 horum
1047 2967 1079 3024 in

61 3051 162 3112 lucem
189 3055 220 3108 et
247 3048 420 3127 adspectum
443 3049 597 3108 hominum
620 3050 755 3128 prolerre
778 3050 884 3129 volupe
908 3049 976 3112 est?
1021 3053 1080 3124 Qui

60 3142 155 3201 istum
178 3138 311 3198 animum
334 3155 433 3197 meum
456 3137 660 3218 providebant,
686 3145 719 3198 ut
742 3138 871 3199 abeundi
892 3144 1080 3220 propositum

60 3231 246 3308 migrarent,
296 3229 411 3305 agentis
459 3225 626 3287 electoralis
670 3225 926 3307 Bran'denhurgici
971 3249 1079 3292 munus

60 3316 310 3378 honestissimum
346 3317 378 3375 in
414 3313 480 3376 aula
513 3314 658 3375 Sereniss.
693 3318 773 3395 regis
805 3315 865 3377 Pol.
899 3317 1078 3386 ohtulerunt.

60 3405 125 3486 Ego
145 3403 271 3466 aulicam
289 3405 379 3464 vitam
397 3403 506 3483 utplur.
527 3403 711 3482 splendidam
728 3406 881 3466 miseriam
895 3425 961 3468 esse
976 3411 1079 3470 existi·

60 3512 148 3556 mans
176 3511 310 3573 quaeque
339 3493 375 3553 ad
403 3510 502 3552 mores
530 3500 561 3552 et
587 3495 663 3552 vitae
692 3511 775 3554 meae
798 3497 929 3556 rationes
953 3497 1078 3559 tuendas

59 3600 169 3665 parum
192 3581 346 3643 commoda
370 3583 417 3662 sit,
441 3598 528 3642 aures
551 3580 609 3642 huc
633 3583 765 3662 arrigere
788 3602 850 3644 non
871 3587 969 3664 potui,
1004 3585 1083 3645 Soli-
