2400 3966
490 192 630 264 epistolae
1025 194 1065 258 ’Π

65 346 174 409 letalem
205 366 268 408 ms.
306 363 381 406 cum
413 345 502 405 edita
550 343 698 423 Equidem
729 345 801 424 quid
833 345 902 406 huie
934 346 1067 426 prolixae

65 436 177 498 rdmtati
209 453 385 516 reponam,
417 435 510 494 immo
543 434 614 512 quid
641 435 853 515 respondeam,
884 454 944 495 non
972 435 1066 495 rideo.

63 526 141 587 iream
168 526 305 607 quidem
328 523 447 603 ridere,
469 525 497 583 si
520 523 591 601 quid
614 526 646 585 in
668 524 850 585 membranis
873 523 1068 585 nobilissimis

63 610 177 676 trisit⁸⁶⁸
205 632 328 695 operae
351 614 498 693 pretinm,
525 612 577 672 sed
599 621 634 674 ut
655 621 689 673 tu
712 632 781 674 eum
803 613 935 674 laborem
959 631 1068 693 sumas,

62 704 195 784 ¹mpudens
225 706 307 784 sim,
336 704 365 762 si
390 719 520 763 roseam.
566 701 599 762 Si
625 709 725 763 tamen
753 703 782 762 id
808 722 862 783 pro
885 702 1068 781 benignitate

62 802 157 856 aurae
186 799 308 875 sponte
336 791 447 851 leceris
474 809 568 870 eoque
595 791 810 871 rempublicam
838 792 1000 852 literariam
1023 793 1068 851 iu·

62 900 108 945 nte
131 884 286 963 dignatus
315 881 425 960 fueris,
452 881 511 941 erit
536 880 592 941 tihi
617 883 780 942 maximum
806 883 973 961 praemium
998 900 1069 941 con·

60 975 175 1054 sientia3
200 971 262 1033 sed
286 988 347 1030 nec
370 968 490 1030 silentio
512 968 667 1051 involvam,
690 989 745 1049 per
768 988 856 1049 quern
878 971 1070 1049 singulariter

60 1060 157 1123 rhum
186 1062 319 1123 luerim.
364 1057 464 1119 Nolim
491 1066 590 1120 tamen
615 1066 660 1140 te,
693 1062 735 1119 mi
761 1059 848 1139 Dne,
875 1059 1009 1120 laborare
1038 1062 1069 1119 in

59 1153 175 1213 ninntiis
205 1147 445 1230 minutioribus,
473 1148 525 1208 sed
553 1151 591 1208 iis
619 1148 729 1229 solum,
756 1148 865 1227 quibus
893 1157 997 1210 auctor
1019 1149 1070 1208 fiat

59 1248 93 1301 aut
116 1241 262 1301 ornatior
293 1245 345 1298 aut
371 1235 486 1297 melior.
531 1237 569 1297 llt
596 1239 655 1298 nisi
677 1256 765 1316 grave
789 1239 893 1319 luerit,
920 1238 1009 1298 velim
1034 1237 1069 1296 ad

58 1333 212 1409 marginem
237 1345 337 1408 ponas
360 1328 498 1405 paginam
520 1326 599 1408 libri,
622 1329 695 1387 item
713 1327 829 1388 literam
848 1329 880 1387 Α.
899 1328 930 1386 B.
950 1327 980 1386 C.
1017 1325 1071 1384 Est

58 1417 98 1477 tibi
118 1418 245 1498 Sigonii
275 1414 430 1494 exemplar
451 1409 655 1495 venetum³⁰⁹3
682 1417 712 1475 id
741 1417 867 1476 etmihi
890 1416 925 1475 ad
949 1432 1070 1474 manum

57 1505 152 1587 absque
188 1524 231 1567 eo
266 1507 344 1565 mire
377 1503 549 1564 laboravero
581 1507 613 1564 in
645 1506 834 1565 inveniundo.
881 1505 942 1564 lam
968 1503 1070 1563 Livius

57 1597 206 1658 excuditur
228 1593 405 1654 Franelurti
426 1595 459 1653 in
482 1593 552 1654 lolio
577 1596 655 1673 typis
677 1594 900 1674 pulcherrimis,
924 1593 1071 1673 capitibus

56 1687 104 1745 sire
124 1682 335 1765 paragraphis
359 1681 526 1763 distinctae,
550 1683 602 1743 sed
625 1686 758 1762 margine
782 1685 941 1764 interiore,
964 1685 1073 1762 utqui

55 1772 93 1834 illa
112 1774 204 1855 nolit,
228 1790 328 1852 paene
352 1789 412 1831 non
435 1772 540 1831 videat.
577 1771 651 1832 Mire
676 1774 796 1832 interim
820 1772 987 1832 conducent
1010 1791 1072 1831 me-

55 1866 165 1946 moriae,
186 1869 224 1923 et
241 1878 281 1920 eo
299 1863 365 1938 ipso
379 1862 564 1940 inpromptu
578 1869 675 1941 erunt,
695 1879 888 1940 quaeeunque
903 1861 1073 1941 Rhenanus,

54 1943 252 2031 tetenius⁸²⁰,
281 1942 415 2030 Vallem,
443 1948 590 2031 Sigonius,
618 1944 872 2030 Godetevaous³⁷2,
902 1943 1072 2029 blodius³⁷³,

54 2039 190 2121 [rsinuS,
225 2032 406 2099 Donatus³⁷⁴
438 2045 617 2099 annotamnt
644 2040 680 2099 ad
708 2058 777 2100 eum
805 2046 964 2099 auctorem.
1010 2039 1072 2117 Ego

54 2134 135 2192 etiarn
159 2127 389 2191 canicularibus
412 2127 541 2189 conabor
564 2128 784 2207 qualescunque
808 2131 840 2189 in
859 2146 928 2189 eum
947 2130 1073 2205 scripto-

54 2237 110 2280 rem
132 2226 238 2299 notas,
263 2216 372 2296 quibus
390 2216 511 2277 reddam
530 2220 661 2277 rationes
681 2217 920 2277 emendationum
939 2234 1074 2276 meamm

54 2309 171 2388 inipso
197 2313 287 2367 textu
309 2306 453 2366 laetarum
475 2306 687 2386 explicaboque
710 2306 806 2367 obiter
825 2305 974 2385 nonnulla,
998 2323 1073 2383 qnae

54 2396 99 2457 alii
111 2396 281 2476 neglexere
296 2402 326 2455 et
337 2396 459 2455 interim
470 2396 614 2455 intererat
624 2398 701 2456 seire
712 2392 928 2475 iuventuti<s>.
956 2394 1073 2454 lndices

55 2476 286 2547 lnTacitum³⁷⁶
303 2501 363 2544 non
382 2486 532 2564 recepisse
551 2491 580 2545 te
597 2486 698 2545 miror.
736 2484 959 2545 Commendarit
972 2486 1074 2543 nescio

10 2624 12 2631 .
56 2578 99 2636 tui
116 2574 235 2635 Norico
258 2575 419 2633 mercatori
440 2575 472 2633 in
492 2574 634 2634 nundinis
653 2573 933 2634 Franesurtensihus
952 2573 1074 2652 Iunger-

55 2681 182 2725 mannus
202 2655 365 2744 noster⁸⁷⁶3
386 2664 415 2722 ei
434 2662 463 2722 id
482 2665 679 2743 iniunxeram,
699 2681 766 2722 erim
786 2662 823 2722 oh
843 2682 942 2723 aerem
960 2666 1075 2724 varium

56 2771 88 2812 eo
106 2769 275 2814 excumcre
293 2769 353 2811 non
368 2751 518 2812 auderem.
554 2752 589 2812 In
602 2752 754 2831 Epieediis
768 2746 970 2832 Lipstanis³⁷⁷,
988 2753 1075 2831 plane

57 2841 211 2903 divinasti:
240 2838 383 2900 loiolitae
411 2848 513 2901 nostra
540 2843 638 2901 omnia
665 2842 776 2919 insigni
804 2849 892 2901 erunt
915 2849 984 2900 nota
1007 2840 1075 2900 hae·

58 2924 208 2992 reseos³⁷8
235 2936 267 2990 et
293 2929 418 2990 haerent
444 2948 523 2991 nime
551 2930 640 2991 credo
670 2930 747 3009 apud
774 2929 930 2990 Heinsium
958 2927 1075 2988 Leidac.

58 3017 283 3100 Autographum
305 3025 391 3079 tuum
414 3026 494 3080 certe
518 3037 578 3080 non
601 3021 727 3079 invenio.
774 3019 817 3079 Ad
841 3018 920 3097 quod
944 3017 1076 3077 intuer-

59 3127 124 3187 pam
146 3109 234 3189 misi,
260 3106 368 3167 haberi
389 3111 500 3187 poterit
522 3108 558 3168 ab
581 3108 719 3188 Heinsio,
748 3111 832 3169 cinus
855 3114 967 3186 tamen,
991 3112 1023 3166 ut
1047 3113 1077 3166 et

60 3197 213 3279 Scaligeri,
236 3199 269 3256 in
289 3195 424 3275 Lipsium
447 3197 547 3258 nullus
570 3199 639 3258 ridi.
685 3197 793 3258 Misere
818 3196 937 3276 quidem
961 3195 997 3256 ad
1020 3213 1077 3278 me,

61 3287 109 3347 sed
142 3305 205 3348 non
238 3287 330 3347 etiam
357 3286 499 3347 traditum
527 3294 580 3347 est.
626 3286 707 3346 Nihil
735 3286 823 3346 hodie
851 3288 995 3347 incertius
1023 3293 1078 3366 est,

61 3394 148 3455 quam
170 3374 252 3456 quod
276 3375 390 3434 amicus
413 3378 511 3436 mittat
533 3379 628 3437 amico
651 3394 706 3454 per
729 3377 866 3456 amicum,
889 3394 958 3437 eum
978 3383 1077 3436 tamen

62 3482 125 3527 esse
139 3464 268 3527 deberet
282 3465 491 3525 certissimum.
523 3465 625 3544 Itaque
641 3467 668 3524 si
681 3483 718 3524 ex
733 3464 950 3543 lungermanno
965 3465 1076 3525 rescire

62 3570 117 3615 non
140 3562 259 3635 potero,
282 3553 333 3612 cui
355 3556 537 3614 commiserit
558 3554 673 3614 indices
692 3552 788 3613 Taciti
806 3560 836 3613 et
854 3572 936 3614 meas
954 3553 990 3613 ad
1009 3565 1077 3609 eum
