2400 3966
408 1143 717 1219 Praefatio

116 1400 150 1459 lu
189 1399 267 1458 hanc
304 1395 496 1476 epistolarum
534 1395 752 1476 collectionem,
794 1415 918 1475 quarum
955 1405 1071 1477 partem

61 1486 220 1548 Guilelmus
243 1487 345 1566 Meyer
366 1486 515 1565 Spirensis
539 1485 612 1545 mihi
635 1484 764 1545 laudavit
787 1486 1071 1567 commendavitque,

56 1577 123 1637 alias
143 1595 212 1637 meo
233 1576 353 1654 iudici0,
376 1582 465 1654 prout
482 1574 667 1655 placuerunt,
691 1593 707 1634 e
727 1574 879 1635 codicibus
899 1574 1071 1653 Gottingen·

56 1667 135 1727 sibus
164 1666 274 1726 horum
302 1663 433 1743 catalogo
462 1682 558 1743 nuper
582 1663 661 1724 edito
686 1666 803 1742 egregie
828 1664 946 1725 adiutus
970 1663 1071 1744 selegi,

55 1759 149 1834 primo
172 1754 238 1814 loco
258 1761 396 1833 quattuor
415 1752 679 1814 celeberrimorum
698 1753 842 1813 Senoniae
862 1756 1071 1832 magistrorum

55 1845 89 1904 ad
109 1844 216 1922 Wollg.
234 1843 413 1922 Meurerum,
431 1842 632 1922 professorem
645 1841 840 1922 Lipsieusem,
860 1842 942 1903 datas
962 1845 1071 1921 episto-

56 1934 106 2013 las,
130 1933 253 2011 Georgii
276 1931 438 2012 Agricolae,
463 1930 583 2010 Georgii
601 1929 740 2011 Fabricii,
762 1931 881 1992 Esromi
898 1931 1071 2011 Rudiugeri,

55 2023 159 2082 Adami
178 2022 287 2101 Siberi,
309 2023 443 2100 recipere
466 2024 563 2080 visum
587 2027 641 2081 est.
677 2020 731 2080 His
755 2020 899 2081 accedunt
917 2028 1072 2100 poetarum

57 2112 185 2191 litterae,
214 2109 328 2170 Eobani
350 2109 438 2169 Hessi
462 2111 606 2189 quinque,
633 2112 713 2169 inter
736 2128 786 2169 cas
809 2115 884 2189 tres,
908 2112 939 2169 in
963 2109 1072 2189 quibus

57 2201 90 2261 ad
114 2202 205 2261 amici
228 2217 314 2279 opem
338 2197 462 2278 supplex
486 2199 627 2278 confugit,
651 2199 680 2258 id
700 2198 779 2277 quod
797 2199 907 2258 mirum
926 2217 992 2258 esse
1012 2217 1072 2259 non

55 2297 154 2369 potest
181 2291 313 2368 inviro,
342 2288 437 2366 quoad
465 2289 550 2367 uiuit,
578 2290 623 2348 rei
648 2287 802 2347 familiaris
830 2289 929 2366 inopia
953 2288 1071 2348 assidue

55 2387 169 2458 vexato,
193 2385 224 2438 et
237 2377 321 2438 Pauli
334 2376 446 2437 Melissi
465 2376 699 2456 bybliothecarii,
718 2395 778 2436 non
797 2378 969 2437 invenustae
987 2379 1072 2437 satis·

55 2487 111 2547 que
150 2467 298 2545 loquaces.
354 2465 525 2544 Sequuntur
556 2466 619 2526 lani
652 2463 773 2526 Gruteri
806 2465 961 2545 epistolae,
999 2484 1072 2544 quas

54 2559 164 2636 raptim
193 2561 223 2616 ct
251 2564 332 2615 stans
360 2555 435 2634 pede
464 2557 495 2615 in
521 2574 580 2615 uuo
610 2556 743 2634 scripsit,
776 2573 903 2633 quarum
931 2553 992 2615 stili
1020 2573 1072 2614 ne-

54 2646 234 2725 glegentiam
248 2646 428 2704 coniecturis
442 2643 591 2723 perpolire
607 2645 693 2703 anxie
704 2643 843 2725 abstinui,
857 2643 963 2705 ultimo
974 2650 1072 2705 autem

53 2735 118 2796 loco
143 2733 307 2793 Hermanui
330 2733 523 2813 Thederiugi,
547 2751 662 2793 summa
686 2750 754 2793 cum
778 2753 849 2795 cura
872 2741 902 2795 et
925 2734 1071 2796 munditia

54 2829 202 2903 exaratae,
225 2821 394 2882 iuveniliter
418 2829 448 2882 et
471 2824 570 2882 iocose
595 2824 731 2901 scriptae.

120 2912 215 2991 Epist.
251 2908 376 2972 1—17.
406 2907 546 2972 19-25
582 2913 613 2970 in
650 2912 714 2972 cod.
746 2912 934 2992 Gottingensi
966 2913 1072 2992 philos.

54 3000 96 3064 89
117 3008 149 3061 et
168 2999 225 3063 89⁸
248 3003 359 3080 insunt,
383 2996 524 3062 26-57.
544 2995 585 3062 61
610 3003 642 3060 in
666 3001 729 3062 cod.
751 3002 856 3081 philos.
877 2998 928 3081 91,
949 2998 1000 3062 59.
1020 2999 1072 3064 60.

54 3086 189 3153 62-69
218 3092 249 3149 in
277 3089 340 3149 cod.
368 3088 474 3168 philos
501 3086 557 3168 92,
580 3085 633 3152 58.
659 3086 789 3152 70-91
819 3093 849 3150 iu
879 3089 942 3150 cod.
966 3089 1071 3169 philos.

55 3176 172 3261 93,18
196 3180 226 3238 iu
251 3178 314 3239 cod.
339 3179 484 3257 gymnasii
507 3177 712 3257 bybliothecae
735 3179 928 3238 lsenacensis.
962 3178 1072 3240 Omnes

55 3275 212 3329 auctorum
227 3264 363 3346 ‘propria
377 3264 483 3327 mann'
498 3269 627 3347 scriptae
644 3275 722 3347 sunt,
741 3275 859 3346 praeter
874 3264 1013 3328 26-57.
1029 3266 1070 3329 61

56 3352 150 3441 (saec.
168 3351 273 3439 XVII),
304 3352 344 3419 18
365 3350 456 3439 (saec.
475 3350 568 3439 XVI),
595 3354 637 3416 22
659 3350 788 3437 (recenti
811 3373 900 3416 manu
924 3374 940 3414 e
965 3356 1071 3416 scheda

56 3445 191 3506 mutilata
214 3439 461 3529 transscriptam).
500 3441 680 3524 ‘Epistolas'
705 3452 802 3505 autem
821 3446 972 3505 nominari
993 3452 1072 3504 vete-

58 3553 122 3595 rem
145 3533 296 3596 scribendi
318 3552 432 3594 morem
456 3543 585 3595 secutus.
695 3614 696 3617 Ἴ
