2400 3966
502 187 641 260 epistolae
1035 189 1076 255 91

59 337 237 418 exemplaria
262 356 282 398 a
304 356 363 419 me,
386 339 439 399 sed
462 341 664 400 stratiotarum
686 342 823 401 excursio
848 342 956 401 itinera
980 343 1078 401 omnia

60 429 295 488 etcommercia
318 429 515 508 interrumpit
562 429 747 508 Scripseram
775 429 830 489 tihi
854 436 922 489 ante
946 432 1078 507 quinque

60 535 184 598 nenses,
209 515 411 595 Rutgersium
433 526 463 576 ct
484 517 640 578 Heinsium
663 519 801 578 meditari
824 519 986 578 editionem
1008 517 1078 596 Epi-

59 606 199 668 stolarum
223 605 286 666 los
311 605 453 684 Scaligeri
480 606 678 686 arbitrarique
705 611 805 686 ipsum
832 616 863 668 et
889 607 945 667 tibi
972 614 1001 666 et
1030 609 1078 685 pie

58 695 205 757 defunctis
220 694 345 775 GentilI,
358 690 611 777 Rittershusiotffl,
628 696 763 757 Piccarto
778 699 897 776 saepius
912 698 1077 775 scripsisse.

59 783 106 846 Eas
127 784 244 845 literas
271 783 398 845 libenter
420 785 485 845 aliis
509 785 716 846 admiscerent.
749 786 842 846 Nemo
867 788 1000 846 omnium
1024 792 1079 865 est,

59 877 102 952 qni
125 875 295 953 negotium
320 872 401 933 istud
428 874 577 935 efficacius
606 875 794 936 dexteriusre
824 878 948 955 exsequi
978 880 1080 954 posset

58 982 139 1042 qoam
162 970 218 1044 tu,
249 965 293 1022 mi
315 961 401 1043 Dne.;
432 965 532 1043 itaque
564 966 590 1024 si
618 965 751 1025 nondum
772 967 966 1025 transmisisti
994 967 1078 1044 ipsis,

59 1053 130 1131 quod
148 1070 206 1113 me
226 1053 393 1130 interprete
406 1052 546 1130 petebant
559 1051 736 1132 Rutgersius
751 1060 781 1114 et
794 1053 944 1134 Heinsius,
968 1071 1078 1133 quaeso

57 1141 207 1222 adnitere,
240 1143 288 1201 uti
314 1143 447 1219 proxime
476 1143 506 1202 id
534 1145 751 1203 nanciscantur.
797 1141 860 1220 Ego
889 1143 1079 1202 decreveram

57 1230 244 1292 descendere
269 1229 305 1289 ad
328 1225 493 1312 Fusiosffl,
517 1231 569 1291 uhi
591 1232 716 1292 vocabar
740 1229 847 1291 salario
865 1227 933 1292 400
952 1230 1078 1308 amplius

58 1318 321 1399 loachimicorum;
339 1319 393 1378 sed
410 1319 481 1381 dum
500 1339 547 1380 me
567 1323 668 1381 itineri
686 1310 767 1400 paro,
787 1320 857 1379 dum
875 1338 944 1380 vasa
963 1318 1078 1398 colligo,

56 1407 122 1469 dum
146 1425 222 1470 sum
249 1409 280 1467 in
304 1410 468 1490 procinctu,
491 1412 587 1470 inlicit
605 1411 679 1470 milri
697 1428 817 1469 manum
837 1427 919 1468 amor
933 1407 1078 1468 Palatina·
1169 1486 1172 1492 Ι

57 1506 115 1580 tus,
147 1515 240 1558 amor
268 1496 344 1556 tiliae
373 1497 503 1576 reliquae
532 1517 627 1578 exque
656 1518 690 1559 ea
718 1507 859 1578 nepotum
888 1499 1078 1575 retinentque

58 1585 194 1648 Brettae:
217 1585 272 1646 uhi
295 1587 414 1666 moriar,
437 1589 463 1647 si
486 1586 546 1647 Deo
570 1588 722 1666 placuerit.
768 1587 865 1647 Arbor
888 1594 948 1647 tam
972 1604 1038 1647 sera
1062 1603 1078 1645 e

56 1675 213 1737 montibus
252 1674 288 1735 ad
320 1675 441 1754 paludes
478 1679 607 1737 transire
644 1696 704 1738 non
736 1684 840 1756 posset
876 1679 940 1737 sine
973 1677 1079 1736 mortis

57 1763 204 1844 periculo.
253 1763 286 1824 Si
316 1766 431 1825 animus
464 1771 544 1826 esset
577 1766 647 1826 huic
684 1766 845 1846 migrandi,
882 1764 1078 1826 concederem

56 1856 155 1933 potius
182 1846 375 1914 Hauiam⁴⁴t
418 1853 464 1914 lbi
491 1857 571 1914 enim
598 1857 708 1914 invitor
737 1853 905 1915 invidendis
928 1857 1079 1934 praemiis,

56 1963 113 2004 nou
136 1949 177 2004 ut
200 1940 451 2022 praelectionibus
470 1942 756 2023 disputationibusre
775 1946 905 2023 praesim
923 1946 1078 2023 iuventuti,

55 2033 107 2093 sed
130 2038 169 2093 ut
194 2033 225 2091 ei
249 2031 352 2092 saltem
380 2034 494 2110 copiam
524 2034 629 2092 faciam
653 2051 735 2093 meae
758 2035 952 2112 praesentiae.
998 2032 1078 2092 Beue

56 2124 93 2181 sit
116 2123 189 2199 regi
212 2119 270 2202 illi,
298 2123 350 2199 qui
372 2123 447 2181 tanti
470 2121 539 2182 lacit
562 2121 663 2181 literas
691 2122 882 2200 literatosquc
910 2128 995 2200 tunc,
1028 2119 1079 2180 ubi

54 2211 90 2270 ab
114 2209 263 2271 omnihus
287 2217 524 2271 contemnuntur.
570 2206 746 2270 rlmeliae⁴43
768 2218 888 2270 nostrae
911 2217 944 2269 ut
968 2210 1078 2287 optima

54 2302 160 2360 omnia
185 2316 285 2379 spero,
308 2300 349 2359 ita
372 2307 401 2359 et
424 2307 524 2360 metuo
547 2302 685 2379 pessima.
732 2299 785 2360 Du.
809 2297 973 2358 Freherum
997 2304 1077 2357 recte

57 2388 159 2450 calere
184 2387 308 2466 gaudeo.
340 2387 458 2449 Utinam
477 2395 507 2449 et
525 2396 554 2448 te
574 2389 691 2449 audiam
711 2391 821 2467 optime
840 2386 995 2466 valentem,
1018 2402 1079 2445 uon

55 2481 115 2538 iam
138 2474 273 2555 amplius
294 2484 345 2537 tua
369 2496 470 2559 causa,
498 2477 550 2537 sed
573 2477 704 2558 publica,
735 2484 836 2556 utpote
861 2478 912 2555 qui
935 2473 1095 2535 cancella--

56 2569 120 2627 rius
146 2559 363 2626 academiae‘¹44
385 2569 504 2627 nomine
533 2585 568 2627 eo
593 2575 673 2628 certe
701 2576 731 2627 te
754 2564 919 2645 praestabis
947 2565 1077 2643 dignum.

54 2654 202 2716 Gratulor
224 2653 280 2714 tihi
298 2655 376 2714 hunc
394 2656 547 2736 horrorem,
570 2659 661 2715 immo
675 2656 768 2716 Musis
787 2664 817 2715 et
830 2654 966 2733 Apollini.
999 2653 1078 2714 Non·

55 2742 129 2805 dum
154 2745 243 2804 mitto
267 2741 392 2803 Carmen
416 2762 504 2805 suum
527 2745 579 2804 Du.
604 2738 824 2822 Holmaunoffi,
848 2743 934 2822 plane
953 2743 1078 2820 impedi-

10 2846 12 2863 '
55 2842 115 2914 tus,
140 2833 197 2894 sed
220 2839 321 2892 tamen
339 2832 445 2893 multas
465 2833 575 2893 salutes
595 2836 623 2893 ei
642 2852 679 2893 ne
698 2831 830 2911 graveris
850 2833 1078 2909 communicare,

57 2922 224 3001 plurimum
248 2939 329 3001 rogo,
352 2928 385 2982 ut
408 2930 438 2982 et
461 2921 514 2982 Dn.
537 2921 697 3002 Virdungo‚
721 2920 773 2981 Du.
797 2912 987 2981 Mauritiosst
1033 2917 1078 2976 Tu

57 3029 179 3091 quoque
204 3008 269 3071 vale
293 3016 323 3070 ct
341 3010 428 3092 salve,
452 3013 615 3071 amicoruuu
634 3011 860 3089 officiosissime,
884 3007 920 3068 ab
940 3005 1077 3066 omnibus

60 3100 157 3161 modis
180 3107 234 3160 tuo
258 3098 341 3160 lano
361 3099 525 3160 Grutero.

104 3197 295 3290 (Brettae),
317 3207 460 3284 postridie
484 3205 651 3266 Palmarum
671 3197 797 3288 (1625).
