2400 3966
60 171 62 174 Α
141 207 205 272 162
542 206 747 260 adnotationes

138 348 228 404 mium
251 369 277 406 v.
300 349 331 403 in
354 349 415 404 5155
436 348 624 404 ‘iuvenilibus
642 348 792 403 miscellis’
815 354 884 403 1594
902 368 929 419 p.
944 353 1003 402 140.
1096 348 1152 403 181

144 422 322 476 ‘Emmetron
358 421 389 475 in
416 420 535 490 nuptias
556 465 561 476 .
582 466 587 476 .
607 420 745 475 Electoris
777 419 919 475 Frederici
949 420 996 474 IV.
1018 459 1024 472 .
1045 465 1050 476 .
1071 421 1154 475 55..

139 492 240 547 Loisae
254 492 383 547 Iulianae
398 536 404 549 .
420 537 426 548 .
442 492 560 547 Comitis
573 491 742 547 Nassoviae:
762 492 939 547 modulatum
957 507 974 544 a
995 491 1023 544 P.
1037 491 1155 545 Melisso

139 564 255 619 Franco.
280 567 360 618 Anno
384 563 489 619 Christi
511 562 663 618 MDXCHI.
699 563 796 618 Mense
819 562 907 619 lunio.
944 561 1065 632 Adjecta
1088 565 1157 615 sunt

139 634 354 706 Epigrammata
377 634 498 704 Posthij‚
526 634 654 703 Freberi,
683 633 804 703 Gruteri,
831 633 901 688 item
923 633 1024 703 Elegia
1044 633 1152 688 Melissi

140 724 225 775 quam
249 706 362 777 scripsit
385 705 510 760 calendis
532 705 698 773 Ianuariis'‚
717 708 748 759 4ο
765 706 828 759 1555
851 722 907 760 555
930 704 1028 759 addito
1050 706 1155 773 (exstat

139 777 169 831 in
187 777 269 847 Bybl.
288 779 357 848 Reg.
377 777 467 832 Berol.
488 776 558 848 sign.
578 777 623 830 Xd
643 780 731 846 6455).
810 775 866 832 182
884 776 918 831 V.
938 776 1003 831 adn.
1020 781 1080 831 141.

139 850 196 903 188
223 848 351 903 Adriaan
376 866 434 902 van
461 847 511 902 der
532 847 625 902 Burcb
643 849 679 916 (v.
702 865 760 902 van
783 847 832 902 der
853 849 897 901 Aa
920 846 947 900 Π
970 851 1064 914 1568);
1092 846 1154 901 5155

140 919 280 991 ‘Farrago
303 919 415 989 piarum
433 918 666 973 similitudinum'
686 919 775 990 Lugd.
794 918 856 974 Bat.
878 923 946 972 1593
965 917 1079 987 prodiit.

139 989 197 1045 184
215 991 248 1046 V.
268 990 491 1045 Reifferscheidii
515 990 578 1045 adn.
601 990 639 1043 ad
657 991 738 1072 epist.
758 995 787 1058 6,
808 996 854 1058 173
875 995 935 1058 159,
955 995 987 1043 11
1008 992 1037 1044 55
1055 990 1150 1059 Serap.

140 1066 210 1115 1854
232 1081 259 1132 p.
283 1068 339 1117 105,
448 1061 506 1117 185
529 1061 629 1132 Elegia
652 1060 848 1128 Rittershusii,
872 1060 965 1130 qualis
988 1077 1062 1115 nunc
1086 1064 1153 1114 ante

138 1132 251 1188 Gruteri
270 1132 405 1187 Senecam
423 1132 535 1203 legitur,
553 1133 604 1187 hos
623 1149 720 1186 versus
738 1132 838 1188 habet:

246 1204 356 1258 Primus
374 1206 403 1258 te
423 1203 553 1258 claustris
572 1203 752 1258 tenebrarum
770 1203 892 1258 extraxit
909 1203 1055 1272 Erasmus,

281 1278 417 1329 Aeternus
437 1275 563 1329 Batavac
581 1275 674 1344 gentis
692 1275 825 1329 Erasmus
845 1275 940 1330 bonor.

244 1346 312 1400 inde
331 1346 417 1400 situm
435 1347 570 1401 abstersit
587 1363 643 1415 quo
660 1347 742 1401 floret
758 1345 857 1399 Pincia
875 1345 949 1414 cive,

279 1417 461 1487 Muretusquc
478 1420 561 1472 notas
579 1417 659 1471 misit
675 1417 706 1470 in
724 1433 775 1471 ora
791 1416 891 1471 virum.

138 1489 175 1544 Et
192 1488 308 1544 Frcheri
325 1505 428 1543 nonen
446 1505 488 1556 ca,
507 1505 565 1557 qua
577 1488 707 1542 Melissus
726 1487 825 1557 voluit,
844 1488 1019 1556 syllabarum
1037 1487 1152 1557 quanti·

137 1563 197 1616 tate
224 1560 370 1628 laudatur,
399 1562 428 1614 55
455 1559 566 1614 Suerini
590 1559 789 1629 Plcsseniique.
814 1590 848 1599 -
872 1559 1006 1613 Erasmus
1029 1558 1154 1613 Senecae

138 1648 223 1701 opera
241 1631 372 1685 Basilcae
391 1636 473 1699 1515,
498 1631 623 1684 Muretus
641 1632 748 1699 Romae
767 1629 864 1701 roaolt
884 1630 1045 1698 5515555155,
1069 1629 1150 1684 Ferd.

137 1702 288 1757 Pincianus
316 1702 364 1755 ‘In
387 1702 509 1756 Senecae
536 1701 637 1771 philos.
666 1702 773 1771 scripta
800 1701 1019 1772 castigationes'
1051 1701 1150 1756 Venet.

138 1778 215 1827 1596.
294 1773 373 1827 ’188
400 1773 481 1826 Aliae
501 1775 583 1826 erunt
600 1775 686 1842 atque
705 1790 768 1842 555,
790 1789 860 1842 5555
880 1772 1151 1827 5551585515515-

136 1843 316 1913 moravimus,
336 1844 412 1897 XXX
430 1843 510 1897 libris
529 1845 758 1913 comprehensae3
778 1844 813 1898 (15
831 1843 867 1897 iis
881 1843 983 1898 Gruter
997 1842 1151 1899 camdenio

138 1921 180 1970 16.
195 1915 265 1969 Maii
285 1921 353 1969 1616
372 1915 413 1969 515
432 1914 556 1984 scripsit:
578 1915 753 1970 ‘Subsecivis
771 1914 849 1970 horis
867 1916 985 1969 emendo
1004 1931 1152 1986 augeoque

102 2045 107 2052 ,
137 1987 214 2040 XXX
237 1985 433 2056 Suspicionum
459 1985 547 2040 libros
574 1986 658 2040 toties
685 1987 853 2056 promiss0s;
882 1987 932 2040 sed
959 2004 1060 2056 parum
1086 2003 1151 2055 pro-

136 2057 200 2112 ficio
224 2057 376 2112 destitutus
400 2056 447 2110 vel
465 2057 541 2111 socio
560 2057 606 2111 vel
624 2057 796 2128 instigatore,
808 2057 855 2111 vel
873 2057 1003 2112 adiutore
1020 2058 1152 2112 laborum

137 2130 189 2193 vel
205 2129 282 2199 quod
307 2129 401 2182 dicam
422 2127 529 2183 nescio:
559 2128 630 2182 adeo
654 2129 744 2183 otium
766 2128 836 2182 mihi
859 2129 1013 2183 iucundum
1036 2130 1081 2183 est
1103 2128 1151 2182 de-

75 2212 79 2222 ·
137 2204 308 2271 generatque
335 2200 366 2253 in
393 2199 538 2269 ignaviam
565 2199 635 2254 mire
663 2199 803 2254 dcsidem'
833 2199 874 2270 (in
898 2199 1045 2255 Gamdenfi
1068 2198 1152 2269 epist.

136 2290 163 2340 p.
180 2276 242 2342 164)
264 2273 293 2325 55
310 2271 386 2325 idem
405 2270 486 2341 Casp.
504 2271 677 2338 Hofmanno‚
701 2271 848 2342 Tubingae
868 2277 909 2326 16.
924 2271 1005 2326 Febr.
1021 2276 1092 2325 1624
1111 2271 1152 2339 (in

137 2343 169 2399 G.
188 2342 315 2397 Richteri
337 2342 418 2412 epist.
438 2341 486 2397 sel.
510 2360 537 2411 p.
553 2346 628 2412 549l:
654 2341 776 2397 ‘ibidem
799 2341 947 2397 absolvam
968 2344 1155 2396 monumenta

136 2414 244 2485 ingenii
258 2413 314 2468 mei
328 2413 531 2483 semiperfecta,
550 2412 581 2466 in
593 2412 692 2482 primis
703 2457 709 2468 .
721 2456 727 2468 .
737 2413 814 2466 XXX
827 2413 913 2468 libros
926 2413 1151 2484 Suspicionnm'.

27 2490 29 2495 “
136 2486 169 2540 V.
189 2485 276 2539 etiam
303 2487 413 2539 nostras
441 2483 522 2553 epist.
549 2483 629 2538 velut
650 2502 725 2539 num.
750 2490 792 2538 27.
822 2490 863 2539 29.
892 2490 935 2539 38.
963 2491 1006 2540 40.
1030 2491 1074 2541 41.
1101 2491 1152 2553 4“1;

136 2556 259 2626 Flaydcr
279 2575 307 2626 p.
328 2562 393 2623 19ος
416 2555 517 2610 Venat.
540 2574 568 2637 p.
586 2559 632 2620 963
657 2555 742 2624 Gasp.
767 2554 890 2625 Schoppi
912 2555 1035 2612 verisim.
1059 2576 1087 2627 p.
1104 2562 1152 2624 763

138 2627 250 2682 Gruteri
273 2627 354 2697 epist.
379 2627 416 2681 ad
435 2625 597 2694 Sciopp1um
617 2626 648 2679 in
668 2626 872 2680 ‘Monumentis
894 2627 1009 2697 pietatis
1034 2633 1064 2681 et
1086 2627 1152 2682 lite-

135 2698 233 2753 rariis'
258 2699 285 2751 II
306 2717 333 2767 p.
358 2703 423 2765 4683
448 2696 650 2751 Reifferscheid
672 2715 698 2766 p.
720 2702 785 2766 7923
809 2716 835 2752 v.
857 2698 884 2751 (1.
905 2699 948 2752 Aa
965 2699 1018 2752 VII
1040 2717 1067 2769 p.
1084 2704 1152 2767 510;

135 2769 269 2824 Fckstein
287 2768 318 2822 in
335 2768 445 2823 Erschii
464 2770 492 2821 ct
506 2767 625 2823 Gruberi
644 2767 749 2837 encycl.
768 2771 835 2824 tom.
851 2773 885 2822 95
903 2788 930 2839 p.
946 2775 1006 2825 358.
1035 2770 1097 2825 Hoc
1115 2787 1150 2824 ex

136 2839 964 2981 1555151555551555585551
978 2841 1062 2967 1155
1076 2843 1153 2968 lini*

134 3002 161 3052 p.
177 2989 229 3036 480
235 3000 304 3050 555,
319 2981 440 3035 alterum
456 2981 513 3033 ‘Ex
528 2981 733 3050 suspicionibus
747 2981 768 3036 1.
784 2981 1098 3055 (15555515555551.
1114 2987 1151 3041 de

135 3054 214 3107 asino
230 3053 330 3107 aureo'
346 3052 376 3105 in
390 3050 492 3121 Apulei
506 3051 628 3105 editione
644 3051 867 3121 Casauboniana,
886 3053 975 3125 Lugd.
991 3055 1054 3110 Bat.
1071 3062 1151 3126 1614,

134 3125 161 3177 Π
176 3125 271 3180 adnot.
285 3141 312 3193 p.
329 3129 476 3178 105-119.
533 3123 589 3177 187
604 3122 736 3177 Fortasse
749 3123 826 3177 idem
840 3127 883 3179 est
897 3127 982 3194 atque
997 3127 1151 3183 Mathaeus

135 3195 172 3249 ab
187 3195 288 3266 Hagen
305 3193 524 3263 Antverpiensis‚
545 3199 586 3249 15.
601 3195 667 3264 Apr.
684 3200 753 3248 1588
766 3195 973 3264 Heidelbergae
991 3196 1023 3250 in
1041 3200 1150 3254 studio·

124 3284 229 3320 ¹sorum
257 3266 322 3320 albo
350 3265 501 3334 inscriptus
528 3265 572 3334 (cf.
597 3265 723 3334 Toeplre,
751 3266 885 3320 Matrilsel
909 3267 936 3320 Π
957 3286 984 3337 p.
1006 3265 1077 3338 138).
1165 3302 1167 3304 -

135 3337 191 3392 188
201 3336 549 3405 Lamb.Lud.Pithopocus
560 3336 660 3406 (Helm,
667 3341 862 3408 1535-1596),
872 3338 942 3409 prof.
953 3355 1030 3408 poes.
1039 3343 1068 3395 et
1075 3341 1146 3411 cloq.

133 3408 393 3478 Heidelbergensis‚
422 3408 456 3460 de
485 3424 539 3475 quo
567 3426 593 3460 v.
623 3424 679 3461 van
706 3407 756 3460 der
778 3409 833 3478 Α5,
861 3409 952 3478 biogr.
980 3413 1085 3467 woord.
1115 3420 1151 3468 15

133 3499 160 3550 p.
176 3486 228 3533 334
256 3483 285 3533 et
305 3479 412 3533 ‘Briefe
436 3496 493 3532 von
515 3478 643 3533 Heidelb.
667 3478 739 3533 Prof.
764 3480 822 3532 und
846 3481 1017 3535 Studenten'
1042 3483 1086 3539 ed.
1111 3485 1149 3539 ab

67 3571 70 3578 ’
133 3553 226 3607 Herm.
241 3551 343 3622 Hagen
358 3555 435 3619 1886,
449 3569 475 3619 p.
493 3554 543 3604 117
559 3549 623 3604 adn.
639 3555 681 3605 22.
742 3550 799 3605 189
819 3551 930 3622 Sigism.
945 3552 1149 3609 Melanchthon
