2400 3966
514 194 654 265 epistolae

48 447 56 486 ἢ
281 371 332 444 30.
364 376 390 444 Ι.
414 377 574 446 Gruterus
598 377 630 445 0.
652 376 887 446 Rittershusio.

41 518 52 575 2,
104 478 364 572 ueraeuoe'rgae).
848 507 889 557 13.
910 501 986 572 cepe.
1006 507 1085 560 noa.

42 611 47 651 '³
147 610 372 692 Epithalamium
399 622 484 676 tuum
511 624 542 676 et
564 614 596 676 D.
621 614 746 676 Gentilis
769 622 829 676 tam
853 624 1019 695 opportuno
1043 637 1091 677 ao-

41 715 43 753 Ι
98 700 160 783 cidit,
180 710 213 763 ut
230 703 306 764 nihil
326 722 423 782 supra.
459 704 527 784 Ipso
546 704 594 766 die
614 705 677 766 scil,
696 698 912 784 ιιιιριίιιιίιιιι159
930 706 966 767 ad
985 725 1092 767 manuus

96 808 159 853 neas
184 795 334 874 peruenit,
362 793 441 873 quod
469 812 529 855 non
556 796 640 873 potui
668 813 727 855 uon
750 796 883 874 arripere
905 814 960 874 pro
985 815 1091 857 secuu-

95 879 200 943 dlssimo
223 885 337 944 omine:
361 901 453 962 eaque
476 891 600 963 propter
623 886 711 945 etiam
733 883 817 944 vobis
835 884 928 945 multo
947 888 1091 946 maximas

93 988 133 1050 ago
152 971 308 1051 habeoque
331 973 451 1053 gratias,
474 975 637 1035 amicorum
662 976 864 1035 sincerissimi.
911 974 954 1035 lta
977 974 1092 1055 loquor,

92 1061 154 1140 pud
182 1080 263 1123 numo
291 1061 367 1122 nihil
395 1061 523 1123 scribam
545 1062 578 1123 D.
602 1061 725 1144 Gentili,
757 1065 808 1143 qui
832 1081 901 1124 sane
925 1082 984 1125 non
1009 1072 1093 1125 curat

90 1148 175 1230 legere
198 1151 315 1212 litteras
339 1153 431 1213 meris
454 1158 569 1212 tantum
593 1153 719 1213 refertas
743 1154 906 1232 gratiarum
925 1153 1092 1214 actionibus

89 1247 186 1320 elego
214 1240 349 1319 alioquin
377 1242 436 1300 iam
463 1243 613 1320 integrum
641 1260 776 1302 mensem
803 1259 871 1302 cum
895 1241 998 1303 morbo
1023 1259 1092 1302 oon-

87 1327 203 1391 lictatus
227 1348 290 1391 non
314 1330 430 1390 sufficio
449 1332 605 1410 scriptioni
624 1330 742 1392 multae.
780 1330 907 1391 Tantum
927 1330 1013 1391 libuit
1032 1332 1093 1390 tuis

87 1419 258 1501 rescribere,
282 1421 377 1480 amice
400 1419 595 1499 Rittersbusi,
619 1420 698 1499 quod
721 1429 751 1480 et
775 1419 882 1479 alteras
905 1437 1000 1498 nuper
1023 1439 1039 1479 a
1063 1426 1093 1478 te

86 1511 257 1590 receperim,
287 1508 395 1588 quibus
424 1516 458 1570 ut
484 1509 682 1588 respondeam
704 1517 755 1570 tua
779 1509 853 1568 sorte
878 1510 1011 1568 interest.
1057 1507 1095 1567 Et

86 1597 113 1657 de
139 1596 241 1659 Coleri
275 1600 407 1658 carmine
440 1600 528 1658 etiam
561 1617 614 1677 ego
644 1601 673 1658 ei
700 1598 801 1677 plures
829 1600 953 1657 memini
980 1605 1094 1676 grates:

41 1690 43 1697 '
84 1693 174 1748 hmen
202 1689 284 1748 scire
312 1705 466 1768 cuperem,
493 1687 614 1748 ubinam
642 1688 742 1768 degat,
770 1695 804 1747 ut
830 1705 884 1766 per
908 1690 1095 1748 occasionem

85 1776 212 1855 epistolis
244 1778 311 1837 eius
334 1774 400 1836 aliis
423 1777 605 1837 redhostiam
629 1778 792 1857 sciamque,
821 1776 938 1855 quando
962 1776 1095 1856 pericula

85 1867 140 1926 eius
155 1859 354 1927 luvenalia¹⁶⁰
371 1866 468 1927 lucem
487 1869 548 1926 sint
561 1869 669 1926 visura.
701 1864 836 1944 Praelegi
849 1873 963 1944 partem
979 1873 1094 1945 postre-

84 1972 141 2015 mae
165 1963 237 2016 tuae
261 1954 413 2037 epistolae,
438 1974 495 2034 qua
518 1955 555 2015 ad
573 1955 728 2015 Posthium
751 1962 829 2036 erat,
852 1957 878 2014 is
902 1956 938 2015 de
962 1955 1020 2015 lide
1041 1972 1094 2015 sua

85 2061 202 2106 securus
223 2051 279 2124 est,
297 2050 412 2105 tantum
431 2046 578 2105 tramittas
597 2046 752 2104 occasione
768 2051 941 2123 opportuna.
975 2043 1095 2104 Gaudeo
1117 2075 1119 2079 ·

85 2151 132 2212 ego
155 2152 229 2195 sane
254 2132 437 2212 aliquantum
461 2133 625 2194 adiumenti
648 2133 783 2194 attulisse
806 2132 886 2192 MSS.
915 2131 981 2192 illos
1006 2131 1096 2192 Codd.

86 2232 111 2282 et
136 2240 246 2303 precor
269 2220 347 2283 Deae
369 2223 515 2303 Perticae,
542 2223 619 2283 Deae
642 2221 795 2282 Perennae
819 2221 933 2301 Annae,
963 2227 995 2281 ut
1018 2219 1095 2280 liber

85 2308 174 2374 lle¹⁶¹
207 2319 278 2374 tuus
311 2311 439 2373 feliciter
466 2312 597 2392 prodeat.
647 2310 746 2371 Debeo
775 2329 829 2390 ego
859 2313 888 2370 ei
916 2311 1096 2389 epigramma

86 2395 239 2483 moum¹⁶23
273 2401 325 2462 sed
358 2420 427 2462 cum
459 2401 574 2462 videam
606 2408 636 2460 tc
669 2400 764 2460 adbuc
796 2401 920 2482 haerere
949 2398 985 2458 de
1013 2406 1097 2477 typo-

87 2492 207 2573 grapho,
229 2509 290 2551 ιιοιι
313 2498 385 2570 puto
409 2490 483 2551 mihi
506 2490 715 2551 festinandum.
751 2488 826 2549 llale
848 2487 981 2568 prolecto
1001 2489 1098 2566 agitur

88 2598 150 2641 cum
172 2580 327 2661 litteratis,
357 2579 436 2660 quod
465 2599 533 2641 cum
561 2582 723 2640 immensos
752 2577 945 2639 euarrolarunt
972 2576 1098 2659 labores,

88 2676 185 2748 postea
217 2677 317 2730 tamen
350 2669 536 2729 emendicare
569 2687 688 2747 quoque
719 2666 846 2727 debeant
873 2668 1099 2747 typographum,

89 2762 135 2836 qui
162 2760 256 2838 gratis
285 2775 336 2818 eos
359 2758 493 2819 excudat.
538 2757 722 2817 Wecheliaui
744 2756 871 2816 heredes
879 2750 917 2789 ¹⁶3
940 2756 1099 2817 admodum

89 2857 153 2909 sunt
174 2857 296 2909 tenaces
319 2865 374 2909 nee
397 2846 507 2908 habent
528 2865 633 2907 manus
656 2848 715 2906 uisi
740 2844 870 2906 oculatas
878 2839 923 2905 ¹⁶4.
960 2844 1100 2905 Putarem

89 2940 208 3018 aequius
232 2938 358 3016 transigi
381 2955 470 3016 posse
494 2955 562 2997 cum
586 2934 651 2996 aliis
670 2933 739 3016 illis,
764 2937 814 3014 qui
834 2942 904 2994 sunt
921 2932 1100 3014 Franciurti,

88 3025 230 3093 Fischero,
259 3032 290 3086 el
316 3019 449 3107 Tack¹⁶⁵,
481 3028 522 3087 ita
555 3024 676 3105 quidem
708 3031 742 3084 ut
773 3031 892 3104 praeter
920 3020 1100 3100 exemplaria

89 3118 199 3176 nummi
222 3114 315 3193 aliqui
337 3114 392 3176 tibi
416 3115 598 3175 obvenirent.
637 3113 695 3174 Sed
720 3120 750 3174 et
767 3113 846 3174 loan.
865 3109 1010 3172 Wechelii
1034 3129 1100 3172 suo-

89 3223 187 3266 cessor
209 3222 270 3264 nou
293 3206 412 3283 ineptus
437 3203 554 3264 dicitur.
592 3202 793 3264 Commelinus
812 3208 914 3261 noster
933 3199 1018 3260 facile
1037 3220 1102 3262 rem

89 3296 254 3373 susciperet
275 3299 356 3375 puto,
380 3293 432 3354 sed
456 3295 604 3354 cunctatio
629 3295 694 3353 cius
717 3298 786 3353 nota
809 3290 866 3351 tibi
889 3297 943 3350 est.
980 3290 1025 3351 An
1046 3309 1101 3350 ιιιι-

89 3402 175 3462 quam
198 3381 343 3443 Senecam
370 3401 471 3444 meum
496 3389 526 3442 et
548 3373 871 3442 Animerduersiones¹66
898 3379 935 3440 ab
960 3398 995 3440 eo
1019 3397 1101 3440 recc-

88 3474 181 3553 peris,
213 3472 291 3531 scire
324 3473 426 3553 cupi03
458 3474 543 3552 item,
577 3471 648 3549 quid
679 3467 736 3529 tibi
763 3469 911 3551 placeant3
941 3476 975 3529 ut
1007 3475 1037 3528 et
1064 3485 1103 3525 an

88 3578 146 3622 non
178 3561 252 3620 satis
284 3567 421 3638 proterve
453 3567 521 3639 post
551 3567 580 3619 te
609 3557 770 3630 Querolum
798 3557 1015 3637 perlustrarim.
1060 3552 1104 3613 De
