2400 3966
94 211 157 277 166
494 211 700 267 Adnotationes

92 356 193 411 Christ.
212 353 339 408 Plantini
356 352 570 424 Antverpiensis
593 357 733 410 corrector
753 355 1000 424 eodemqueanno
1019 372 1106 426 gener

92 428 198 496 factus,
222 425 288 480 inde
312 424 348 479 ab
369 441 393 479 a.
415 429 483 479 1585
502 425 709 481 Plantiniorum
727 425 857 481 officinae
875 425 1007 481 Leidensi
1024 444 1105 496 prae-

91 499 148 553 fuit
162 500 191 552 et
205 497 281 568 apud
298 495 474 551 academiam
502 496 507 507 '
569 514 603 551 ae
616 497 767 552 hebraicae
782 499 810 552 et
824 496 955 551 arabicae
969 496 1106 552 lectiones

91 569 193 624 habuit
220 572 256 638 (v.
283 567 404 639 Allgem.
432 567 574 622 Deutsce
601 568 694 638 Biogr.
723 575 770 637 27,
799 572 869 638 981).
894 599 928 608 -
951 568 978 622 10
1005 573 1106 639 postea

90 639 274 696 Rittershusii
284 638 444 709 Oppianum
455 640 648 694 excudendum
657 642 754 695 tamen
763 639 880 695 curavit.
925 639 983 694 231
994 641 1063 710 Pag.
1072 647 1104 695 99

91 717 188 781 -114,
206 709 380 780 prooemium
398 709 435 764 ad
449 709 668 765 Rittershusium
683 715 720 781 (p.
736 716 770 764 99
780 715 832 781 sq.)
847 713 876 766 et
888 713 982 781 notae,
1003 711 1104 781 quibus

11 828 15 832 .
91 781 272 838 Rittershusii
296 781 513 836 commentarius
532 782 579 836 hic
597 781 657 836 illic
676 781 832 852 completur
850 784 1033 852 augeturque.

91 854 148 910 232
172 855 270 908 Petrus
288 853 479 923 Wesenbeck‚
502 853 579 908 Petri
597 854 627 909 F.
648 853 864 924 (1101111147),
891 854 990 908 ‘lenae
1011 856 1105 924 natus,

91 925 141 994 qui
155 943 218 980 cum
231 928 313 994 patre
327 941 353 978 a.
369 929 437 978 1592
453 923 479 979 d.
495 930 537 980 21.
549 925 624 995 Sept.
640 924 749 979 civibus
764 924 934 980 academicis
948 924 1104 980 Altorffinis

92 998 292 1052 annumeratus
321 997 376 1064 est,
402 1011 518 1050 uxorem
541 995 622 1050 duxit
645 1013 670 1051 a.
694 1001 763 1050 1601
796 995 928 1065 Mariam,
957 997 990 1051 D.
1010 997 1105 1051 Abelii

92 1066 286 1138 strasburgeri
310 1065 472 1121 Consiliarii
494 1066 591 1121 Norici
613 1066 717 1122 filiam'
738 1069 783 1136 (ex
801 1067 867 1122 Adr.
881 1066 975 1122 Beieri
988 1067 1104 1123 Wesen-

90 1138 165 1264 l'llli
178 1137 267 1207 patris
282 1136 351 1208 vita,
366 1138 442 1207 apud
457 1137 615 1192 Zeidlerum
628 1139 642 1192 I
654 1158 682 1209 p.
699 1144 762 1206 1473
783 1138 817 1193 cf.
827 1137 983 1209 Will-Nop.
992 1138 1032 1193 IV
1042 1143 1103 1207 926,

162 1281 221 1335 233
240 1280 317 1334 Haec
336 1280 373 1334 ad
391 1278 493 1334 Isidori
512 1279 665 1335 editionem
704 1279 834 1350 ertinent,
854 1297 927 1349 quae
946 1297 971 1335 a.
992 1279 1106 1335 demum

92 1358 160 1407 1605
179 1351 293 1423 prodiit,
312 1351 367 1406 11οο
386 1351 500 1420 quidem
518 1351 617 1405 titulo:
638 1351 656 1407 ‘.
673 1394 679 1406 .
698 1353 833 1421 Iocdcipcc
893 1351 933 1415 εἰς
951 1351 1003 1421 τὴν
1022 1347 1107 1422 ippu-
1134 1416 1136 1418 ,

90 1426 172 1479 νείαν
200 1431 248 1492 τῆς
273 1425 358 1485 θείας
379 1431 491 1492 γραφῆς
514 1419 665 1478 ἐπιστολῶν
689 1424 783 1495 βιβλία
806 1421 928 1488 τέσσαρα
943 1467 949 1476 .
965 1465 972 1479 .
986 1440 1107 1492 quorum

90 1498 148 1549 tres
166 1494 273 1566 priores
288 1511 351 1548 cum
365 1493 456 1547 latina
470 1493 702 1563 interpretatione
717 1492 757 1549 ol,
772 1494 805 1549 V.
820 1494 875 1549 Iac.
890 1493 971 1550 Billii
983 1494 1107 1550 Prunaei

90 1565 213 1637 primum
232 1567 297 1619 ante
317 1581 405 1619 annos
424 1564 475 1617 XX
493 1568 584 1633 (1585)
597 1564 714 1619 Parisiis
732 1564 870 1634 prodiere,
889 1564 947 1618 iam
965 1583 1033 1620 vero
1054 1566 1106 1621 sub

90 1637 199 1707 prelum
222 1635 359 1704 revocati,
383 1634 463 1690 MSO.
482 1634 547 1690 Cod.
566 1635 668 1690 Bavar.
692 1653 745 1706 ope
768 1634 897 1706 plurimis
921 1635 951 1690 in
973 1636 1045 1691 locis
1064 1638 1106 1691 in·

92 1707 210 1776 signiter
229 1706 318 1776 aucti,
343 1705 478 1776 suppleti,
503 1707 621 1760 correcti
640 1709 711 1762 sunt.
750 1705 872 1772 Quartus
891 1725 965 1762 nunc
984 1707 1108 1779 primurn

91 1779 150 1833 exit
167 1795 257 1833 novus
272 1794 306 1832 ex
321 1778 419 1832 eodem
434 1776 499 1831 eod.
514 1777 615 1832 Bavar.
632 1821 638 1834 .
654 1821 660 1834 .
676 1777 833 1848 descriptus
847 1780 877 1832 et
890 1777 996 1834 latinus
1011 1779 1105 1834 factus

92 1867 110 1903 a
125 1848 152 1905 O.
167 1847 356 1904 Rittershusio
373 1891 379 1902 .
395 1892 401 1904 .
417 1847 566 1918 (Heidelb.)
590 1849 632 1902 Ex
647 1849 760 1903 officina
773 1848 999 1904 Commeliniuna
1013 1853 1102 1906 1605!

90 1921 132 1975 De
146 1920 229 1974 huius
244 1919 376 1975 editionis
390 1919 459 1973 fatis
473 1939 498 1975 v.
514 1936 587 1988 quae
597 1919 728 1974 Zeidlerl
741 1939 768 1991 p.
781 1925 831 1974 195
846 1921 911 1977 adn.
922 1937 970 1975 000
980 1921 1104 1992 collegit.

89 1992 170 2046 Unde
190 1993 283 2046 elucet
294 1990 483 2046 Rittershusio
501 1991 608 2045 'codicis
627 1991 704 2044 illius
723 1991 862 2060 Bararici,
884 1991 964 2046 cuius
983 2009 1037 2063 ope
1055 1993 1107 2047 Isi-

91 2064 175 2118 dorus
190 2065 235 2117 101
254 2062 381 2133 epistolis
400 2061 499 2131 augeri
516 2062 617 2132 potuit,
638 2063 690 2116 sub
709 2080 734 2118 a.
751 2067 821 2116 1603
834 2063 919 2117 finem
933 2063 980 2118 vel
993 2081 1020 2119 a.
1037 2070 1108 2119 1604

89 2134 173 2190 initio
193 2137 229 2189 M.
244 2135 359 2188 Velsero
382 2133 574 2188 intercedente
597 2132 709 2202 copiam
729 2133 837 2188 factam
856 2151 924 2189 esse.
962 2135 1064 2204 ltaque
1083 2135 1108 2190 01

89 2206 173 2260 huius
188 2205 326 2276 epistolae
340 2222 430 2259 annus
446 2210 515 2258 1595
525 2204 677 2275 inscriptus
687 2207 763 2259 10010
774 2222 803 2260 00
812 2205 908 2275 habet,
924 2205 1067 2278 sequitur,¹
1076 2210 1109 2262 ut

88 2277 149 2332 iam
176 2280 237 2331 tum
259 2275 463 2330 Rittershusius
486 2275 637 2344 isidorum,
665 2278 803 2344 quantum
831 2293 863 2331 00
891 2279 1019 2348 tempore
1046 2278 1106 2333 eius

88 2349 234 2417 exstabat,
258 2349 348 2402 denuo
368 2348 449 2401 edere
468 2347 515 2401 vel
532 2346 607 2401 notis
627 2347 764 2403 instruere
783 2347 959 2419 cogitarent.
997 2350 1030 2403 In
1049 2349 1109 2405 edi-

90 2419 178 2474 tionis
195 2421 251 2473 fine
269 2419 299 2472 in
318 2435 373 2472 uno
390 2417 459 2473 folio
474 2417 596 2488 epistola
610 2421 653 2472 est
666 2419 701 2474 Is.
717 2417 878 2473 Casauboni
891 2420 929 2473 ad
943 2418 972 2475 Ο.
987 2419 1109 2476 Ritters·

90 2491 294 2560 husium,'Lut.
313 2489 401 2544 Paris.
416 2489 478 2544 Kal.
494 2489 569 2560 Sept.
586 2495 667 2559 1605,
691 2489 721 2543 in
736 2507 792 2558 qua
814 2489 1019 2560 explicationes
1038 2509 1108 2546 non-

91 2562 187 2616 nullae
206 2562 244 2615 ad
262 2561 402 2615 Isidorum
420 2560 523 2614 insunt.
593 2559 753 2616 2341111100
771 2560 918 2629 Bonutius‚
939 2560 1109 2619 commelini

87 2633 197 2700 affinis3
213 2633 248 2687 cf.
262 2631 484 2686 Rittershusium
496 2631 567 2686 haec
582 2631 619 2685 ad
629 2631 768 2686 Isidorum
777 2632 968 2702 praefantcm:
985 2633 1004 2690 ‘.
1016 2676 1022 2688 .
1032 2634 1109 2689 bono

89 2702 205 2774 publico
219 2703 327 2773 pariter
341 2720 374 2756 ac
383 2701 513 2756 Bonutiis
527 2701 663 2772 privatim
673 2703 763 2772 prosit
772 2703 939 2774 plurimum'
952 2704 1109 2776 (isidorus).

92 2774 149 2830 235
172 2775 214 2828 De
237 2775 332 2828 Marco
356 2773 471 2828 Velsero
496 2776 715 2844 (1558-1614),
745 2773 858 2829 consule
880 2776 1051 2846 Augustano
1079 2779 1110 2832 et

91 2845 285 2901 litteratorum
302 2847 422 2915 patrono
442 2844 604 2899 doctissimo
623 2864 649 2899 v.
668 2845 870 2902 Reifferscheid
888 2852 1036 2916 1119100.

93 2917 151 2972 236
174 2917 278 2971 Paulus
302 2916 439 2970 Freherus
462 2918 681 2985 (1571-1625),
705 2933 801 2971 mense
824 2917 1111 2976 11001595101111111

93 2989 191 3043 doctor
214 2987 365 3042 Heidelber
387 3004 420 3040 ae
442 2986 632 3055 renuntiatus,
657 2986 757 3042 exinde
782 2989 974 3058 adparentes
998 2989 1110 3044 Norim-

92 3060 209 3130 bergam
233 3077 261 3113 00
285 3076 337 3113 con
385 3058 406 3111 't
428 3057 581 3126 statimque
603 3075 621 3111 a
640 3060 740 3112 senatu
758 3059 789 3113 in
808 3060 1013 3115 advocatorum
1030 3061 1110 3116 urbis

91 3147 238 3184 numerum
260 3132 388 3201 receptus
413 3145 526 3183 munere
549 3147 598 3183 suo
616 3145 667 3199 per
686 3147 774 3184 annos
793 3129 913 3200 triginta
931 3131 1046 3187 functus
1065 3135 1111 3187 001

91 3204 128 3270 (v.
148 3201 262 3255 Freheri
280 3202 423 3256 theatrum
441 3219 468 3270 p.
485 3203 572 3269 1042).

164 3271 219 3326 237
239 3272 300 3326 Hoc
319 3289 401 3340 anno,
421 3289 477 3325 non
497 3277 575 3341 1197,
594 3274 627 3325 ut
645 3270 750 3326 codicis
767 3271 912 3342 memoria,
932 3290 989 3342 qua
1005 3273 1106 3328 ε1691’

92 3342 227 3411 traditur,
253 3343 411 3413 significare
429 3342 554 3413 videtur,
579 3343 649 3397 haec
668 3343 790 3413 epistola
809 3343 915 3414 scripta
933 3347 984 3400 001.
1023 3343 1108 3400 Cuius

93 3412 211 3467 rationis
238 3413 291 3467 has
318 3414 410 3468 habeo
436 3431 545 3469 causas.
588 3413 705 3484 Legitur
732 3414 763 3468 in
790 3414 925 3485 epistola:
954 3415 1107 3471 ‘Frehorus

92 3486 195 3554 noster,
215 3484 313 3552 quiin
331 3483 471 3539 demortui
489 3484 568 3539 Pacii
586 3485 679 3539 locum
698 3485 920 3554 substituetur’3,
936 3485 1106 3541 substitutus

95 3559 190 3613 autem
209 3559 344 3624 0011596,
363 3555 393 3609 id
407 3556 484 3624 quod
496 3556 603 3610 factum
619 3573 679 3611 esse
694 3557 829 3612 Gruterus
844 3557 973 3626 sequenti
987 3556 1107 3627 epistola
