2400 3966
129 162 170 227 76
561 163 582 216 Ι.
603 161 716 217 Gruteri

128 312 237 373 Verum
262 313 328 391 quis
353 318 407 392 est,
430 313 461 371 in
485 330 574 389 quem
598 313 697 371 omnia
715 310 866 371 contluant
884 330 959 391 pura
977 319 1057 394 puta,
1081 316 1179 378 sine.

128 402 188 463 ulla
216 400 280 461 labe
309 397 401 460 mali?
437 400 543 460 Notam
567 400 647 461 illam
670 407 775 479 pensat
798 401 900 461 multis
924 401 991 461 aliis
1016 380 1182 492 egregii&

128 491 332 595 prolectet
280 490 332 550 dot
334 489 410 570 ibus,
429 508 502 567 quas
522 490 592 550 vel
585 509 616 550 ιιι
629 490 716 549 hoste
730 492 838 549 merito
853 489 1016 571 laudemus,
1036 450 1190 584 nedumss

129 583 161 640 in
183 580 294 659 Lipsio
331 537 471 639 Pluribus
494 578 570 639 hane
594 597 657 639 rem
676 585 776 638 tecum
796 597 923 659 agerem,
947 582 1007 639 nisi
1025 599 1061 640 eo
1081 550 1190 681 ipso„l⁶

129 671 259 731 iacerem
290 667 511 728 amabilissimis
543 671 603 728 tuis
635 668 769 728 moribus
802 670 941 728 iniuriam
974 662 1190 754 insignitam*

129 766 270 862 tanquam
294 759 337 816 eis
361 757 485 817 diffisus.
525 756 591 818 Etsi
613 759 693 817 enim
716 759 776 816 iam
799 757 911 817 dudum
934 765 964 818 te
987 776 1092 819 noram
1111 778 1148 819 ex
1169 761 1190 839 ,g

130 849 249 950 ingenii·
266 848 340 905 vivis
363 848 573 925 monumentis,
597 853 627 906 at
649 853 682 906 u
705 864 802 925 nuper
825 854 856 907 et
877 849 973 906 vivam
996 866 1099 908 vocem
1119 854 1149 908 et

131 937 334 996 comissimum
362 934 476 996 vultum
504 936 591 996 audio
620 934 854 1016 implentesque,
884 935 959 995 nihil
987 954 1048 996 non
1074 937 1149 1000 mihi
1175 932 1190 1013 [J

130 1024 295 1104 persuadeo
324 1024 360 1083 de
388 1032 438 1084 tua
465 1023 656 1084 humanitate.
702 1023 829 1085 Tantum
857 1025 954 1085 dolori
979 1032 1038 1105 est,
1069 1026 1148 1106 quod
1177 1010 1190 1036 '¹

130 1115 163 1174 in
191 1113 291 1174 reditu
317 1116 389 1173 item
417 1113 453 1173 ad
477 1131 531 1173 nos
555 1131 615 1173 non
638 1113 815 1194 deverteris,
844 1133 902 1193 quo
926 1113 1062 1175 licuisset
1085 1134 1149 1175 mu·
1179 1116 1190 1189 j,

132 1222 214 1264 seam
251 1205 329 1263 inter
360 1221 415 1262 nos
448 1204 552 1262 initam
584 1201 814 1262 familiaritatem
845 1202 981 1283 pluribus
1015 1203 1149 1264 stabilire
1181 1203 1190 1287 ζ

133 1293 249 1352 officiis.
295 1292 403 1352 Verum
432 1291 511 1370 quod
540 1309 639 1351 coram
667 1309 727 1350 non
750 1291 833 1372 licet,
856 1291 959 1352 licebit
982 1311 1070 1370 spero
1094 1311 1149 1372 per
1186 1296 1190 1360 s

132 1384 214 1442 vocis
252 1381 496 1460 qualemcumque
529 1381 688 1458 imaginem
720 1386 884 1441 atramento
917 1380 1034 1441 chartae
1069 1400 1148 1441 com·
1187 1442 1190 1449 ,

133 1473 269 1550 missam,
302 1472 329 1529 si
360 1488 420 1529 non
451 1472 576 1550 sarcire,
609 1476 638 1529 at
665 1468 840 1530 adumbrare
869 1477 977 1530 tamen.
1023 1469 1093 1530 Vale
1121 1478 1151 1530 et

134 1559 226 1638 salve,
254 1561 299 1618 vir
322 1561 592 1638 praestantissime,
617 1565 648 1618 et
670 1560 745 1618 meis
768 1557 867 1618 verbis
890 1559 1048 1638 plurimam
1072 1559 1150 1619 salu-

133 1655 195 1708 tem
218 1648 289 1707 Dno.
313 1646 465 1707 Praetorio
473 1641 519 1728 ³⁶⁶,
548 1665 636 1725 quem
664 1649 691 1706 si
718 1647 808 1708 suada
834 1656 884 1709 tua
908 1666 943 1708 eo
967 1648 1150 1728 perduxerit,

134 1744 168 1797 ut
200 1739 290 1795 etiam
322 1738 452 1796 carmine
485 1735 606 1814 lugubri
632 1743 832 1815 prosequatur
859 1740 1063 1816 praeceptoris
1090 1740 1151 1798 mei

134 1825 229 1904 Lipsii
251 1842 368 1904 manes,
391 1827 627 1903 expectationem
650 1843 747 1885 meam
770 1825 806 1885 de
829 1833 952 1886 naturae
975 1833 1043 1886 tuae
1066 1826 1151 1887 boni-

135 1923 195 1975 tate
219 1914 306 1993 plane
330 1913 508 1992 impleveris.

180 2019 457 2101 Heidelbergae,
481 2019 529 2080 die
552 2019 586 2080 X.
610 2020 680 2080 Maii
702 2020 825 2081 MDCVI.

379 2126 460 2188 Tuus
484 2134 535 2187 tuo
560 2129 667 2187 merito
691 2133 770 2187 totus
794 2127 899 2188 lanus
923 2126 1108 2190 Gruterus,

204 2253 245 2312 lle
268 2251 469 2313 Rittersbusio
486 2260 597 2313 ¹tecum
620 2253 725 2311 sentio.
772 2251 990 2330 Intempestivis
1013 2253 1152 2315 lucubra-

137 2341 268 2403 tionibus
306 2341 364 2402 sibi
397 2341 556 2402 damnosus
587 2341 640 2400 fiet
672 2347 702 2400 et
733 2338 819 2400 nobis
851 2340 999 2402 omnihus.
1050 2342 1152 2422 ltaque

137 2431 216 2510 quod
235 2433 267 2491 in
285 2449 333 2491 me
353 2433 419 2512 erit,
438 2449 498 2491 non
517 2428 639 2490 cessabo
659 2447 781 2489 monere
800 2433 928 2490 amicum
947 2429 1038 2491 illum.
1075 2432 1153 2503 Quid

138 2523 218 2580 enim
245 2519 447 2580 inconsultum
474 2521 569 2597 magis
598 2537 686 2597 quem
713 2520 754 2578 ita
782 2519 902 2580 studere
928 2519 1016 2601 velle,
1044 2528 1078 2581 ut
1101 2522 1155 2583 diu

139 2608 246 2668 deinde
270 2608 390 2669 studere
415 2604 619 2687 nequeamus?

405 2848 456 2918 59.
487 2852 513 2918 Ι.
538 2850 698 2919 Gruterus
721 2850 756 2920 G.
779 2849 890 2919 Remo.

138 2957 400 3028 Heidelbergae.
924 2960 965 3010 10.
985 2955 1056 3009 Maii
1075 2961 1155 3012 1607.

207 3071 346 3132 Nobiliss.
375 3069 487 3130 clariss.
516 3072 579 3129 viro
608 3070 694 3151 lino,
722 3068 794 3130 Dno.
822 3067 950 3148 Georgio
978 3068 1071 3130 Remo
1094 3067 1156 3131 102⁰

140 3166 170 3219 et
189 3154 314 3220 oonsill⁰
333 3161 444 3238 patriae
465 3177 535 3219 suae
555 3159 686 3240 digniss,
705 3157 777 3218 lino.
796 3157 835 3237 pl.
855 3157 917 3218 obs.
932 3157 1155 3238 Norimbergae.

140 3281 181 3290 —
202 3251 317 3324 Accepi
339 3251 371 3309 Χ
378 3249 408 3309 V.
430 3250 515 3310 Iunii
535 3248 636 3308 1607.

209 3336 236 3395 S.
260 3335 291 3395 P.
337 3336 388 3396 Vir
411 3336 609 3397 nobilissimel
649 3336 753 3396 Mirum
775 3338 807 3395 in
830 3342 859 3395 te
883 3353 1010 3413 agnosco
1033 3337 1156 3417 protby-

140 3426 244 3504 miam,
276 3426 328 3502 qui
358 3424 436 3485 ultro
465 3429 596 3506 oggeris,
629 3426 707 3504 quod
736 3423 986 3484 ambitiosissimis
1014 3425 1156 3504 precibus

140 3514 215 3573 mihi
242 3513 460 3592 impetrandum
489 3522 565 3595 erat,
593 3515 728 3573 conferre
756 3513 869 3574 scilicet
891 3515 1011 3574 tertiam
1033 3509 1157 3576 Liui³⁶⁷
