2422 3944
146 207 189 273 94
538 208 573 265 Η.
593 206 765 278 Thederingi

146 359 224 438 quod
249 377 299 419 eas
323 357 381 418 sibi
405 360 618 418 communicari
641 360 729 418 unice
753 377 770 418 a
793 376 840 418 me
863 359 993 437 petierit.
1026 358 1112 420 Hanc
1133 366 1164 420 ut

145 451 202 528 ipsi
234 466 289 527 per
321 447 463 507 famulum
496 466 583 509 suum
615 448 646 508 A.
676 447 780 507 Vestra
808 446 943 508 exhiberi
975 455 1077 529 curet,
1109 467 1163 528 qua

145 537 238 598 debeo
258 537 457 598 submissione
477 544 506 597 et
525 536 712 597 observantia
731 554 811 615 roge.
849 536 926 617 Vale,
945 535 998 597 Vir
1017 536 1163 620 Ampliss,

145 627 254 688 Fautor
277 625 418 707 Optume,
451 626 529 687 salve
553 628 641 686 etiam
672 644 689 685 a
712 624 848 686 salutatis
870 642 981 707 nuper,
1008 625 1038 686 b.
1063 644 1090 687 e.
1113 626 1163 687 Du.

145 710 324 797 vohlino⁴⁵³,
346 714 556 795 Rittersbusio,
578 708 749 795 ttoppio⁴⁵⁴‚
773 713 865 792 Copio
889 721 944 774 etc

192 821 372 902 Altorpbi,
398 818 446 882 13.
467 821 586 884 Calend.
610 821 701 882 Maias
725 839 768 882 ao.
795 818 890 883 1616.

149 929 253 988 Vester
277 931 357 988 omni
380 931 500 989 nomine
520 928 743 990 Hermannus
762 928 988 1008 Tederingus
1007 927 1164 992 Dantisc.

377 1206 420 1277 71.
451 1208 489 1278 Η.
512 1207 740 1296 Vbederingus
764 1209 800 1277 ll.
823 1207 935 1278 Remo.

142 1332 318 1403 Attorphi.
735 1343 739 1350 ·
951 1337 975 1388 o.
994 1329 1068 1388 Maii
1087 1339 1163 1389 1616.

211 1477 240 1490 ..
268 1428 396 1507 Georgio
423 1427 517 1488 Remo
541 1475 570 1488 ..
598 1427 682 1506 Reip.
711 1426 898 1506 Norimberg.
927 1426 1109 1488 consiliario
1133 1475 1164 1490 ..

144 1517 346 1597 Noribergam.
379 1518 466 1577 Aulm
489 1516 674 1595 Dillingbol.

212 1605 342 1666 Salutem
370 1614 399 1666 et
422 1605 655 1666 Obseruantiam.
696 1604 913 1684 Respondendo
941 1604 1040 1666 literis
1068 1606 1162 1686 Ampl

142 1695 275 1775 Vestrae,
299 1694 469 1755 Clarissime
493 1693 545 1754 Dn.
570 1693 601 1755 Ι).
624 1694 726 1775 Reme,
752 1693 863 1754 Fautor
885 1694 1073 1775 honorande,
1104 1714 1163 1757 non

143 1792 243 1844 tamen
275 1783 455 1864 respondeo,
488 1786 557 1862 quia
589 1787 751 1863 spirantem
783 1786 815 1843 in
847 1785 914 1844 istis
946 1783 1163 1845 humanitatem

142 1874 278 1932 Vestram
292 1872 391 1932 verbis
407 1875 524 1953 assequi
540 1891 600 1934 non
619 1874 714 1953 datur,
733 1872 845 1933 nedum
857 1871 1036 1933 retribuere.
1060 1872 1164 1953 Neque

142 1980 274 2041 unquam
306 1968 388 2021 tanto
421 1965 515 2022 amori
547 1969 577 2022 et
604 1964 697 2023 favori
728 1980 831 2041 parem
858 1979 1004 2040 reponere
1036 1965 1163 2042 gratiam

142 2059 256 2131 potero,
270 2053 330 2111 nisi
348 2050 384 2111 ab
398 2051 491 2131 Ampl.
506 2051 619 2133 Vestra,
638 2054 688 2112 cui
701 2069 748 2111 me
762 2058 858 2111 totum
872 2050 966 2111 debeo
986 2057 1017 2111 et
1036 2051 1161 2133 debebo,

142 2148 253 2201 memet
275 2140 422 2201 liberandi
439 2141 588 2202 tribuatur
606 2141 681 2200 mihi
699 2147 750 2200 aut
769 2139 873 2201 saltem
891 2141 1059 2219 imputetur
1077 2143 1162 2220 copia

142 2231 240 2309 aliqua
273 2236 303 2291 et
335 2229 457 2291 facultas
490 2237 520 2291 et
552 2232 596 2290 sic
622 2229 659 2290 ab
688 2230 793 2289 eadem
819 2229 923 2290 Vestra
954 2230 1081 2310 virtute,
1113 2231 1163 2290 cui

141 2322 252 2380 moriar
272 2319 528 2400 obstrictissimus,
551 2319 722 2379 exsolvendi
741 2319 875 2379 debitum
892 2324 1009 2380 tantum
1027 2326 1161 2399 potestas

141 2411 215 2470 mibi
247 2410 298 2470 liat
329 2417 359 2470 ct
391 2411 484 2488 gratia
511 2426 600 2488 nova,
631 2409 688 2468 hoc
716 2414 774 2489 est,
806 2406 984 2468 beneficium
1012 2405 1160 2468 beneficio

142 2499 318 2560 cumuletur.
350 2498 469 2559 Gaudeo
488 2505 588 2558 tamen
611 2496 722 2557 bonum
745 2516 793 2557 me
811 2497 966 2576 bucusque
990 2514 1100 2557 nomen
1124 2495 1160 2556 ab

141 2586 234 2667 Ampl.
258 2588 361 2648 Vestra
384 2587 526 2667 habitum,
550 2586 629 2665 quod
653 2604 713 2646 non
737 2585 910 2665 appellando
929 2585 1042 2646 malum
1058 2593 1159 2646 tamen

141 2694 201 2735 non
224 2677 284 2756 liat,
307 2694 395 2755 quam
414 2678 663 2736 existimationem
685 2676 722 2735 de
746 2694 793 2735 me
814 2676 915 2736 fovere
934 2682 964 2736 et
982 2692 1159 2741 conservare

142 2767 264 2844 cupiens
292 2764 402 2825 involvi
428 2766 477 2825 hic
505 2784 642 2826 nummos
670 2783 725 2844 pro
752 2763 837 2824 libris
865 2766 925 2825 iam
951 2765 1102 2825 tramissis
1130 2770 1159 2823 et

140 2873 200 2915 uno
233 2853 329 2914 adbuc
359 2855 565 2936 tramittendo,
597 2854 690 2933 Ampl.
718 2853 840 2915 Vestrae
868 2852 998 2934 debitos,
1028 2871 1158 2932 quorum

141 2962 256 3005 summa
287 2948 334 3003 est
365 2937 419 3024 VV,
442 2942 476 3002 R.
508 2941 604 3005 et13
633 2944 742 3022 crucig.
787 2943 988 3004 Exsolvissem
1019 2960 1069 3003 me
1101 2941 1157 3001 hoc

140 3033 240 3094 debito
264 3033 367 3112 citius,
395 3032 448 3092 sed
471 3032 586 3114 deerat,
614 3035 666 3111 qui
688 3033 877 3114 transferret,
905 3033 993 3092 homo
1017 3031 1156 3110 idoneus3

140 3140 236 3201 neque
255 3123 336 3181 enim
355 3123 419 3181 sine
438 3121 570 3201 periculo
593 3124 751 3201 pecuniam
770 3122 832 3183 sola
852 3138 963 3202 papyro
989 3123 1156 3182 investitam

140 3212 308 3272 carrucario
332 3212 472 3271 concredi
494 3230 582 3291 posse
606 3210 766 3272 arbitratus
791 3229 865 3271 sum.
898 3210 984 3272 Nunc
1002 3216 1103 3289 optato
1122 3225 1154 3267 se

139 3298 247 3360 obtulit
266 3303 457 3380 sympatriota
475 3301 559 3362 hicce
579 3318 664 3360 meus
677 3299 802 3360 lacobus
822 3299 963 3381 Nocbius,
986 3301 1040 3379 qui
1057 3298 1153 3359 adbuc

138 3387 175 3448 ab
199 3391 306 3450 itinere
328 3389 488 3452 Borussico
508 3389 592 3470 calet,
614 3407 651 3449 ex
668 3391 773 3469 paucis
792 3387 900 3449 abhinc
918 3388 1024 3449 diebus
1043 3387 1081 3448 ad
1099 3403 1152 3446 nos

138 3478 260 3561 appulit,
282 3498 347 3540 rem
370 3481 536 3542 studiorum
560 3496 683 3540 suorum
706 3478 784 3558 apud
806 3496 862 3539 nos
885 3476 1033 3557 Altorpbii
1051 3483 1152 3537 auctu·

138 3587 191 3629 rus
219 3577 249 3630 et
275 3569 360 3630 libris
393 3571 602 3630 sacratissimis
635 3573 811 3646 operaturus
840 3566 952 3628 sedulo.
997 3565 1056 3638 Oui
1086 3582 1155 3626 cum
