2400 3966
135 209 199 274 186
538 211 744 266 Adnotationes

134 353 232 407 doctor
255 355 365 408 creatus
390 353 487 408 statim
512 353 641 422 sequenti
664 370 737 407 anno
760 354 791 408 in
815 354 1018 408 advocatorum
1042 353 1154 409 Norim-

132 423 312 494 bergensium
332 425 483 496 collegium
501 428 630 495 receptus
645 430 689 480 est
703 425 857 493 eodemque
872 442 945 479 anno
960 424 1153 492 Culmbacum,

133 498 166 549 ut
193 495 326 550 advocati
352 513 467 551 munere
494 496 671 566 fungeretur,
700 496 815 550 transiit
843 494 1007 567 (Will-Nop.
1031 496 1071 550 ΙΠ
1091 502 1152 564 363,

133 567 186 620 VII
204 572 268 634 286;
287 584 313 621 v,
333 567 420 621 etiam
438 567 519 637 epist.
535 571 589 637 82).
663 567 719 622 502
742 568 806 637 Ipse
825 566 874 622 Ge.
889 566 1096 622 Rittershusius
1115 568 1153 621 ad

133 635 166 692 G.
179 638 298 692 Remum
311 636 342 690 in
356 639 437 709 epist.
452 641 567 710 Argent.
584 644 608 694 3.
623 640 706 693 Mart.
722 644 791 692 1623
808 639 884 707 data,
901 655 974 707 quae
989 639 1019 692 in
1032 638 1152 693 Ritters-

132 708 277 762 husiorum
296 709 378 779 epist.
397 729 424 780 p.
440 715 473 763 88
484 727 524 779 sq.
544 713 637 764 exstat
656 713 783 764 attamen
801 709 883 778 falso,
903 713 936 764 ut
954 727 969 765 e
986 712 1086 764 nostra
1099 710 1153 765 hac

134 779 255 849 epistola
274 785 405 851 apparet,
429 799 503 835 anno
523 787 592 835 1613
611 781 724 849 addito,
743 782 814 834 haec
833 781 945 837 scribit:
971 781 1041 835 ‘Pro
1061 784 1154 835 trans-

131 850 225 904 missis
245 850 348 905 litteris
367 852 431 907 Dni.
451 852 603 923 liederingi
616 853 807 922 Amplitudini
825 855 892 906 tuae
910 869 1030 922 magnas
1051 869 1106 922 ago
1126 855 1156 907 et

132 921 225 976 habeo
243 923 360 993 gratias.
393 923 523 978 Meminit
541 924 571 976 in
589 923 646 976 illis
667 941 696 978 se
713 923 768 978 hoo
781 941 846 978 vere
859 941 911 994 per
923 923 1155 993 Longobardiam

131 993 317 1063 repetiturum
336 994 516 1049 Germaniam
540 1013 603 1048 cum
621 996 717 1050 Marco
741 1012 804 1064 suo,
829 1012 914 1064 quam
937 996 973 1049 ob
997 1011 1058 1049 rem
1082 994 1154 1050 scire

132 1064 232 1134 gestio,
254 1065 357 1134 quibus
377 1065 585 1120 conditionibus
604 1066 637 1121 D.
651 1066 837 1136 Rehlingerus
858 1065 946 1120 alium
964 1066 1154 1136 inspectorem

132 1135 185 1189 filii
211 1135 254 1189 sui
278 1137 316 1190 sit
339 1139 535 1191 conducturus.
579 1136 652 1201 Quid
676 1138 701 1190 si
723 1137 837 1192 interim
859 1137 890 1191 in
911 1137 1059 1208 proposito
1081 1154 1153 1206 meo,

133 1208 209 1274 quod
227 1208 315 1277 nosti,
334 1216 498 1279 pergerem?
519 1208 701 1263 nihilominus
722 1209 824 1263 deinde
843 1211 967 1262 statuere
985 1225 1100 1278 possem
1118 1210 1153 1263 de

132 1277 295 1348 recipienda
314 1280 484 1378 conilitione,
504 1281 580 1348 quod
599 1279 809 1362 complacuerit.
842 1279 1092 1362 Dn03Tefieringo
1110 1297 1154 1334 re·

132 1350 438 1492 titillabat.
459 1351 1155 1478 emilitet.ttamhllllllltllalf

131 1491 239 1546 Urbani
252 1493 347 1563 Papae
366 1495 427 1548 VIII
440 1511 491 1564 pro
507 1494 580 1548 sacri
594 1494 697 1549 lubilei
712 1511 753 1550 ao.
771 1499 848 1549 1625.
887 1493 1001 1564 Georgii
1017 1493 1155 1548 Polacchi

131 1563 290 1685 presbyteri
303 1564 422 1620 Veneti.
434 1608 440 1619 .
451 1565 587 1634 Venetiis,
605 1569 686 1619 Anno
701 1564 811 1620 Iubilei.
827 1570 896 1620 1625
912 1567 967 1621 ...’
1034 1564 1094 1620 504
1113 1566 1154 1620 De

155 1633 204 1689 hil.
232 1634 405 1690 Hainhofero
439 1655 464 1689 r.
492 1636 545 1692 Ad.
568 1654 595 1692 v.
620 1637 828 1691 Oechelh‘auser
857 1636 888 1689 in
914 1637 994 1690 Neue
1021 1636 1153 1691 Heidelb.

132 1703 229 1758 Jahrb.
248 1707 261 1758 I
281 1712 349 1759 1891
368 1725 396 1775 p.
412 1712 464 1760 254
475 1725 534 1775 sqq.
630 1708 687 1763 505
711 1708 752 1762 De
771 1709 826 1762 hac
844 1709 928 1776 gente
947 1725 973 1762 v.
993 1707 1151 1776 Kneschke,

132 1775 273 1830 Adelslex.
288 1777 340 1831 VII
356 1783 397 1832 93.
471 1778 528 1832 500
548 1779 662 1832 Nauten
680 1795 770 1848 pagus
789 1778 820 1832 in
833 1777 988 1832 Hollandia
1002 1778 1152 1833 Borussiea

133 1846 203 1899 situs
218 1850 268 1902 est.
346 1849 401 1903 507
423 1850 507 1904 Soror
525 1849 708 1920 Thederingi3
729 1851 763 1904 cf.
784 1849 865 1919 epist.
882 1855 924 1905 86.

203 1919 260 1973 508
280 1919 412 1974 Fortasse
427 1921 494 1975 Lud.
510 1921 615 1988 Dunte3
633 1940 656 1975 v.
671 1920 783 1976 Freher.
798 1922 811 1974 I
825 1926 885 1976 483.
946 1920 1004 1974 500
1024 1920 1149 1987 Barthol.

132 1988 340 2059 Schachmann,
369 1993 404 2045 de
428 2009 483 2060 quo
506 1993 539 2047 R.
560 1991 691 2060 Curieke,
720 1993 770 2046 der
793 1992 878 2046 Stadt
900 1991 1026 2061 Dantzig
1053 1990 1149 2046 histor.

131 2059 342 2132 Beschreibung
362 2069 430 2117 1688
448 2083 475 2133 p.
492 2069 552 2131 171,
571 2064 646 2118 hunc
663 2063 765 2132 locum,
785 2063 878 2132 quiin
893 2063 924 2118 G.
939 2063 1053 2117 Dousae
1070 2061 1151 2134 epist.

132 2130 166 2211 de
180 2131 281 2186 itinere
296 2151 346 2188 suo
361 2133 505 2188 Constant.
522 2140 591 2188 1599
605 2154 632 2204 p.
648 2140 682 2187 88
691 2153 731 2203 sq.
747 2137 849 2202 exstat,
864 2134 1007 2189 laudarit:
1029 2135 1047 2189 ‘.
1060 2179 1066 2189 .
1077 2134 1154 2189 Dan·

131 2204 233 2256 tracum
256 2205 338 2259 venio
358 2248 364 2260 .
385 2249 418 2260 ..
460 2206 527 2259 Eius
552 2223 619 2259 sane
640 2206 771 2260 Proceres
794 2223 851 2259 non
874 2205 968 2258 minus
993 2205 1154 2260 eruditione

132 2290 217 2398 tiat
235 2291 330 2400 1110
347 2276 1152 2403 111110031111010101111(1011111110

131 2418 232 2490 τροπίᾳ
251 2419 472 2474 cumulatissime
491 2393 615 2488 ornatris,
634 2419 720 2474 facile
735 2419 839 2473 eminet
855 2463 860 2474 .
877 2463 883 2474 .
900 2462 905 2473 .
935 2419 1104 2490 Peragravit
1119 2419 1152 2488 is,

131 2489 243 2555 praeter
261 2488 449 2559 Germaniam,
469 2491 600 2560 Galliam,
619 2490 733 2544 Italiam
753 2494 781 2544 et
800 2490 969 2560 Aegyptum,
989 2490 1153 2544 universum

131 2575 202 2626 pene
232 2558 386 2630 Orientem,
420 2562 494 2616 unde
528 2562 584 2615 sibi
610 2579 667 2616 non
695 2562 828 2632 exiguam
856 2561 1030 2615 exoticarum
1058 2578 1153 2616 rerum

132 2628 336 2698 supellectilem
362 2633 528 2702 reportavit.
570 2633 626 2687 Vix
649 2633 732 2687 eredo
756 2633 888 2701 cuiquam
910 2632 953 2686 rei
976 2632 1097 2687 alicuius
1123 2633 1153 2687 in

131 2703 254 2753 mentem
273 2703 368 2757 venire
386 2721 481 2773 posse,
505 2704 584 2759 cuius
603 2704 652 2758 ille
671 2704 814 2774 specimen
832 2704 862 2756 in
881 2720 931 2757 suo
951 2706 1151 2774 κειμηλιαρχίῳ

131 2788 188 2825 non
210 2772 324 2828 habeat.
357 2775 541 2829 Nummorum
563 2778 624 2829 tam
644 2779 771 2830 veterum
790 2792 876 2844 quam
893 2774 1051 2829 recentium
1069 2777 1153 2828 tanta

131 2841 284 2924 instructus
309 2847 352 2898 est
375 2847 469 2927 copia,
494 2850 526 2900 ut
540 2864 606 2944 ‚non
630 2847 699 2901 alibi
722 2846 847 2901 locorum
866 2846 951 2900 facile
970 2845 1063 2900 simile
1082 2846 1152 2916 quid

131 2931 252 3067 mvepplr
262 2918 931 3069 1151151)01111111Ϊ111111ος1000551205101151ῗο512
945 2987 1044 3041 ‘Actus
1056 2987 1151 3058 publi-

132 3059 251 3110 catroms
274 3059 487 3128 privilegiorum
510 3059 697 3114 doctoralium
720 3060 866 3114 universrt.
891 3058 1020 3128 Altorph.
1040 3059 1151 3113 Nurim-

130 3126 259 3198 bergens.
280 3129 310 3182 in
327 3130 520 3185 anniversaria
534 3131 686 3202 panegyri.
699 3174 704 3186 .
716 3131 859 3186 2910011.
871 3175 876 3185 .
888 3148 913 3186 a.
929 3129 958 3185 O.
972 3129 1150 3184 MDCXXIII.

132 3198 289 3253 celebratus
306 3245 312 3256 .
328 3203 356 3269 .'‚
386 3202 432 3256 001
460 3203 585 3256 adnexus
614 3206 657 3256 001
687 3204 785 3257 ‘Actus
813 3201 998 3272 promotionis
1026 3201 1150 3271 quinque

133 3270 278 3325 doctorum
296 3271 402 3341 primus
423 3278 475 3336 (24.
490 3273 561 3328 Nov.
579 3280 656 3342 1623,
675 3293 701 3328 v.
717 3274 799 3341 Will,
820 3273 919 3328 Gesch.
940 3273 967 3327 d.
987 3272 1070 3328 Univ.
1089 3271 1150 3326 Ale

132 3341 197 3395 dors
212 3361 239 3411 p.
258 3349 308 3406 18).
382 3344 439 3399 513
458 3345 589 3399 Fortasse
608 3346 646 3399 Io.
661 3346 733 3400 Rud.
748 3346 871 3398 Lavater
889 3347 917 3414 (†
933 3348 1022 3413 1625),
1042 3343 1149 3412 dequo

132 3431 158 3468 v.
177 3412 243 3480 Leu,
262 3412 372 3469 Helvet.
392 3416 487 3472 Irexik.
508 3423 540 3470 11
560 3436 587 3486 p.
603 3421 654 3469 383
666 3435 706 3485 sq.

204 3483 261 3538 514
281 3484 389 3554 Operae
408 3489 540 3542 horarum
554 3487 758 3541 subcisivarum
773 3487 831 3541 sire
845 3485 1046 3540 meditationes
1061 3483 1146 3538 histo-

131 3555 207 3610 ricae
226 3556 366 3611 auctiores
385 3576 470 3626 quam
490 3562 575 3626 antea
594 3559 700 3627 editae,
726 3559 900 3613 continentes
920 3558 1083 3611 accuratum
1102 3556 1148 3610 de·
