2400 3966
539 193 677 265 epialolae
1068 194 1112 258 47

106 346 194 429 lelgio,
217 364 283 427 quo
310 344 392 407 abiit
413 352 481 406 autc
505 344 572 405 dies
589 344 647 405 XV.
682 344 829 405 Praelatio
848 344 977 405 Danielis
998 345 1113 425 aliaque

106 440 230 517 mnino,
265 452 350 515 quae
384 452 466 495 nunc
496 436 688 514 transmittis,
720 436 815 511 priori
844 452 961 513 quoque
990 435 1113 496 adorant

105 520 243 607 llello²²⁰3
261 523 351 585 haud
372 530 474 583 tamen
492 524 584 583 etiam
601 518 755 584 excusa²²¹
773 530 858 602 puto:
881 531 963 602 puto,
981 525 1112 604 inquam,

105 616 155 693 p‘u
177 614 291 675 lolium
321 610 441 673 nullum
468 614 632 672 etiamnum
654 611 729 691 vidi,
756 614 842 690 quasi
865 631 906 672 sc.
929 612 996 672 data
1020 630 1110 690 opera

105 702 183 765 ilme
207 702 332 764 celaret
349 699 567 762 Commelinus:
589 699 701 779 absque
720 718 756 760 eo
775 709 854 761 esset
873 701 1033 781 exemplar,
1055 702 1111 762 tibi

104 810 220 854 tnrrrem
255 794 305 852 sic
338 789 412 851 licet
442 789 658 869 imperfectum.
704 790 746 850 lle
776 789 889 851 Seneca
921 790 1006 852 doleo
1039 810 1110 852 sane

103 898 179 961 toque
201 882 286 943 ratio
314 886 373 959 est,
393 886 429 940 ut
449 878 570 959 habeas,
590 880 651 939 uisi
669 879 780 941 diserte
799 878 888 940 alicui
907 880 960 941 des
978 883 1010 941 in
1028 899 1110 941 man-

103 968 151 1031 tato
166 971 326 1051 proximis
343 967 498 1048 nundinis,
516 969 561 1029 uti
574 986 591 1029 a
604 967 787 1029 Commelino
802 971 907 1048 exigat.
940 969 1014 1031 Cum
1029 974 1109 1031 enirn

102 1056 159 1120 lber
179 1058 335 1139 grandior
352 1059 402 1139 sit,
423 1059 569 1119 iniustum
586 1058 638 1118 liat
655 1075 732 1118 onus
749 1057 914 1138 tabellario,
936 1077 1034 1138 neque
1053 1079 1108 1138 ego

102 1148 256 1228 exploratos
284 1145 385 1207 habeo
413 1148 557 1226 temporis
583 1147 738 1228 articulos,
765 1154 799 1208 ut
826 1166 894 1207 eum
917 1149 1014 1209 tradat
1036 1159 1107 1209 noto

101 1236 170 1299 licui
192 1237 291 1298 isthic
316 1235 395 1296 forte
417 1236 511 1297 eunti.
546 1234 584 1296 Et
605 1235 663 1296 hoc
685 1245 718 1297 tu
741 1237 832 1297 iacies
856 1239 927 1316 seio,
951 1240 1040 1296 immo
1064 1241 1108 1297 uti

101 1326 180 1408 latias,
199 1327 332 1386 omnino
350 1332 428 1404 peto.
461 1323 536 1385 Nam
554 1343 588 1386 ea
607 1333 654 1386 est
672 1324 851 1403 negligentia
869 1324 1055 1404 Commelini,
1074 1333 1106 1385 ut

101 1415 157 1476 nihil
182 1421 277 1477 curet
306 1415 367 1474 nisi
390 1432 452 1474 sua.
498 1412 540 1474 lle
562 1416 624 1475 tuis
646 1413 683 1473 acl
705 1413 758 1474 lul.
781 1407 951 1475 ΡειιιΙιπῃῖ22
975 1431 1106 1473 eommu-

99 1506 190 1566 niearit
208 1504 343 1583 largiter
360 1521 479 1564 mecum
496 1504 623 1564 amiciss.
660 1500 730 1562 Dns.
747 1501 904 1563 Freherus.
941 1501 1003 1581 Ego
1022 1502 1104 1562 hisce

98 1595 119 1654 in
140 1595 301 1656 aerumnis
327 1591 404 1653 nibil
425 1594 511 1672 potui
532 1594 591 1652 nisi
614 1593 795 1670 epigramma
817 1592 888 1673 boo,
912 1593 990 1671 quoti
1014 1592 1105 1672 vides,

98 1701 262 1763 expressum
288 1681 365 1741 mihi
388 1699 423 1742 ea
444 1681 527 1762 bora,
550 1699 607 1761 qua
630 1688 696 1741 tuas
720 1681 901 1760 accipiebam
924 1699 940 1740 a
966 1680 1105 1743 Frehero.

96 1770 260 1834 [stantem
285 1769 360 1830 tale:

166 1898 258 1958 Sicut
281 1893 337 1955 ubi
359 1893 487 1955 exclusit
508 1893 622 1972 pullum
644 1893 723 1954 Iovis
746 1896 889 1974 armiger,
912 1901 943 1954 et
965 1896 1024 1954 iani

212 1984 265 2045 Illi
287 1981 392 2062 pluma
414 1999 520 2043 recens
542 1982 661 2044 umbrat
682 1992 843 2061 utrumqne
866 1982 953 2063 latus,
977 1992 1031 2044 ete.

91 2126 177 2211 lidos,
201 2143 298 2207 quam
322 2124 440 2206 frivola,
464 2125 515 2185 sed
538 2125 655 2204 pondus
679 2128 719 2186 sit
742 2128 786 2186 eis
810 2126 886 2206 ideo,
910 2125 988 2204 quotl
1008 2128 1104 2203 prima

90 2219 151 2299 sint,
173 2234 257 2297 quae
281 2213 342 2275 lusi
364 2213 401 2275 ab
425 2213 509 2275 obitu
531 2216 704 2275 carissimae
727 2232 824 2294 meae,
848 2232 923 2293 quae
946 2213 1021 2274 adeo
1044 2215 1101 2274 alte

88 2314 181 2384 portus
206 2302 285 2367 illud
309 2303 420 2384 divisit,
442 2310 477 2363 ut
498 2306 579 2364 omni
602 2302 766 2364 abstineam
789 2305 959 2382 scriptione.
1003 2301 1100 2373 Quare

89 2394 239 2457 excusabis
257 2410 310 2453 me
334 2399 458 2471 cognato
477 2410 543 2453 meo
562 2391 599 2453 ab
617 2392 729 2473 Hagen,
753 2392 830 2471 quod
850 2411 910 2452 non
929 2390 1102 2472 rescribam,

88 2486 126 2545 rix
142 2485 175 2546 id
195 2484 337 2545 tacturus
349 2480 566 2562 Wesembecio,
584 2483 642 2542 nisi
657 2484 715 2542 iam
732 2480 817 2542 binas
831 2482 972 2561 viderem,
991 2481 1101 2560 quibus

85 2573 150 2635 unii
182 2572 321 2653 reposui
368 2569 414 2631 Tu
446 2571 566 2631 interim
596 2570 674 2651 vale,
705 2573 748 2631 mi
774 2569 816 2631 Cl.
844 2570 1040 2652 Rittersbusi,
1072 2579 1102 2631 et

86 2662 189 2725 nlveat
212 2662 338 2740 cupitus
362 2658 423 2741 ille,
444 2677 505 2720 non
527 2667 640 2720 amator
663 2659 695 2719 D.
720 2658 855 2719 Gentilis.

118 2766 405 2846 lleidelbergae,
433 2763 481 2824 die
503 2764 548 2825 W.
572 2765 641 2826 Iulii
665 2765 782 2845 eadem,
806 2784 863 2843 qua
885 2773 952 2827 tuas
976 2770 1101 2845 recipie-

83 2856 150 2943 ns,
175 2852 277 2921 1594

659 2945 741 3005 Tuus
764 2950 846 3005 totus
870 2943 1056 3004 Gruterus.

288 3222 342 3295 37.
374 3223 401 3294 Ι.
425 3224 583 3293 Gruterus
608 3224 639 3291 ὓ.
662 3224 895 3292 Rittersbusio.

83 3348 346 3418 Heidelbergao.
862 3352 904 3402 17.
924 3344 1001 3416 Sept.
1023 3352 1100 3403 1594.

144 3464 223 3527 Cum
262 3462 327 3522 sine
362 3461 423 3520 tuis
456 3460 492 3521 ad
525 3479 572 3521 me
604 3463 721 3522 venerit
752 3466 851 3519 vester
883 3458 932 3519 ille
966 3459 1100 3538 Gentilis,

85 3570 211 3634 aequum
240 3567 312 3612 sane
337 3556 416 3630 erat,
442 3557 476 3610 ut
499 3558 530 3611 et
552 3552 636 3630 ipsus
660 3553 725 3611 sine
748 3550 824 3609 meis
847 3551 918 3608 item
942 3547 979 3608 ad
1003 3555 1032 3607 te
1056 3546 1099 3605 di-
