<?xml version="1.0" encoding="UTF-8"?>
<!DOCTYPE html PUBLIC "-//W3C//DTD XHTML 1.0 Transitional//EN"
    "http://www.w3.org/TR/xhtml1/DTD/xhtml1-transitional.dtd">
<html xmlns="http://www.w3.org/1999/xhtml" xml:lang="en" lang="en">
 <head>
  <title>
</title>
<meta http-equiv="Content-Type" content="text/html;charset=utf-8" />
  <meta name='ocr-system' content='tesseract 3.04.00' />
  <meta name='ocr-capabilities' content='ocr_page ocr_carea ocr_par ocr_line ocrx_word'/>
</head>
<body>
  <div class='ocr_page' id='page_1' title='image "./virorumclarorum00thedgoog_0061.png"; bbox 0 0 2400 3966; ppageno 0'>
   <div class='ocr_carea' id='block_1_1' title="bbox 137 357 1190 977">
    <p class='ocr_par' dir='ltr' id='par_1_1' title="bbox 137 357 1190 975">
     <span class='ocr_line' id='line_1_1' title="bbox 140 357 1147 441; baseline 0 -19"><span class='ocrx_word' id='word_1_1' title='bbox 140 363 249 441; x_wconf 81' lang='lat' dir='ltr'>gratias</span> <span class='ocrx_word' id='word_1_2' title='bbox 273 368 303 421; x_wconf 93' lang='lat' dir='ltr'><strong>et</strong></span> <span class='ocrx_word' id='word_1_3' title='bbox 326 362 425 420; x_wconf 92' lang='lat' dir='ltr'><strong>omnia</strong></span> <span class='ocrx_word' id='word_1_4' title='bbox 447 377 513 419; x_wconf 91' lang='lat' dir='ltr'><strong>mea</strong></span> <span class='ocrx_word' id='word_1_5' title='bbox 536 357 667 418; x_wconf 87' lang='lat' dir='ltr'><strong>adieram</strong></span> <span class='ocrx_word' id='word_1_6' title='bbox 691 357 783 419; x_wconf 91' lang='lat' dir='ltr'><strong>ultro:</strong></span> <span class='ocrx_word' id='word_1_7' title='bbox 806 361 967 425; x_wconf 79' lang='lat' dir='ltr'><strong>amicitiam</strong></span> <span class='ocrx_word' id='word_1_8' title='bbox 990 367 1074 422; x_wconf 85' lang='lat' dir='ltr'><strong>certe</strong></span> <span class='ocrx_word' id='word_1_9' title='bbox 1143 436 1147 441; x_wconf 27' lang='grc' dir='ltr'>Ι</span> 
     </span>
     <span class='ocr_line' id='line_1_2' title="bbox 139 447 1175 528; baseline -0.001 -17"><span class='ocrx_word' id='word_1_10' title='bbox 139 458 202 512; x_wconf 92' lang='lat' dir='ltr'><strong>tum</strong></span> <span class='ocrx_word' id='word_1_11' title='bbox 221 468 281 511; x_wconf 93' lang='lat' dir='ltr'><strong>non</strong></span> <span class='ocrx_word' id='word_1_12' title='bbox 300 451 471 528; x_wconf 81' lang='lat' dir='ltr'><strong>impingam.</strong></span> <span class='ocrx_word' id='word_1_13' title='bbox 507 447 609 526; x_wconf 87' lang='lat' dir='ltr'><strong>ltaque</strong></span> <span class='ocrx_word' id='word_1_14' title='bbox 628 449 840 509; x_wconf 82' lang='lat' dir='ltr'><strong>amicissimam</strong></span> <span class='ocrx_word' id='word_1_15' title='bbox 859 447 903 508; x_wconf 93' lang='lat' dir='ltr'><strong>illi</strong></span> <span class='ocrx_word' id='word_1_16' title='bbox 921 466 938 508; x_wconf 91' lang='lat' dir='ltr'><strong>a</strong></span> <span class='ocrx_word' id='word_1_17' title='bbox 956 466 1006 510; x_wconf 90' lang='lat' dir='ltr'><strong>me</strong></span> <span class='ocrx_word' id='word_1_18' title='bbox 1021 449 1088 510; x_wconf 93' lang='lat' dir='ltr'><strong>salu</strong></span> <span class='ocrx_word' id='word_1_19' title='bbox 1171 486 1175 495; x_wconf 82' lang='lat'><em>-</em></span> 
     </span>
     <span class='ocr_line' id='line_1_3' title="bbox 140 535 1184 618; baseline -0.001 -18"><span class='ocrx_word' id='word_1_20' title='bbox 140 539 183 602; x_wconf 88' lang='lat' dir='ltr'><strong>lta</strong></span> <span class='ocrx_word' id='word_1_21' title='bbox 203 559 277 600; x_wconf 90' lang='lat' dir='ltr'><strong>sum.</strong></span> <span class='ocrx_word' id='word_1_22' title='bbox 315 537 491 616; x_wconf 81' lang='lat' dir='ltr'><strong>Quicunque</strong></span> <span class='ocrx_word' id='word_1_23' title='bbox 510 535 664 597; x_wconf 89' lang='lat' dir='ltr'><strong>Donellum</strong></span> <span class='ocrx_word' id='word_1_24' title='bbox 684 544 791 618; x_wconf 90' lang='lat' dir='ltr'><strong>amant,</strong></span> <span class='ocrx_word' id='word_1_25' title='bbox 811 544 1038 617; x_wconf 81' lang='lat' dir='ltr'><strong>praeceptorem</strong></span> <span class='ocrx_word' id='word_1_26' title='bbox 1056 550 1104 599; x_wconf 91' lang='lat' dir='ltr'><strong>me</strong></span> <span class='ocrx_word' id='word_1_27' title='bbox 1182 579 1184 583; x_wconf 92' lang='lat'>-</span> 
     </span>
     <span class='ocr_line' id='line_1_4' title="bbox 139 624 1186 709; baseline -0.001 -20"><span class='ocrx_word' id='word_1_28' title='bbox 139 631 294 709; x_wconf 91' lang='lat' dir='ltr'><strong>septennio</strong></span> <span class='ocrx_word' id='word_1_29' title='bbox 326 633 403 706; x_wconf 89' lang='lat' dir='ltr'><strong>toto,</strong></span> <span class='ocrx_word' id='word_1_30' title='bbox 435 628 479 686; x_wconf 91' lang='lat' dir='ltr'><strong>eis</strong></span> <span class='ocrx_word' id='word_1_31' title='bbox 509 644 563 704; x_wconf 81' lang='lat' dir='ltr'><strong>ego</strong></span> <span class='ocrx_word' id='word_1_32' title='bbox 593 625 710 705; x_wconf 88' lang='lat' dir='ltr'><strong>quidvis</strong></span> <span class='ocrx_word' id='word_1_33' title='bbox 739 624 847 687; x_wconf 88' lang='lat' dir='ltr'><strong>dehere</strong></span> <span class='ocrx_word' id='word_1_34' title='bbox 875 634 947 705; x_wconf 94' lang='lat' dir='ltr'><strong>puto</strong></span> <span class='ocrx_word' id='word_1_35' title='bbox 976 633 1007 688; x_wconf 91' lang='lat' dir='ltr'><strong>et</strong></span> <span class='ocrx_word' id='word_1_36' title='bbox 1035 627 1107 708; x_wconf 89' lang='lat' dir='ltr'><strong>quid</strong></span> <span class='ocrx_word' id='word_1_37' title='bbox 1183 631 1186 634; x_wconf 52' lang='lat'><strong>⁴</strong></span> 
     </span>
     <span class='ocr_line' id='line_1_5' title="bbox 138 714 1190 796; baseline 0 -18"><span class='ocrx_word' id='word_1_38' title='bbox 138 717 349 779; x_wconf 82' lang='lat' dir='ltr'><strong>meritissimis</strong></span> <span class='ocrx_word' id='word_1_39' title='bbox 386 715 475 776; x_wconf 91' lang='lat' dir='ltr'><strong>Vides</strong></span> <span class='ocrx_word' id='word_1_40' title='bbox 493 715 689 795; x_wconf 86' lang='lat' dir='ltr'><strong>rhapsodiam.</strong></span> <span class='ocrx_word' id='word_1_41' title='bbox 728 714 785 775; x_wconf 91' lang='lat' dir='ltr'><strong>Sed</strong></span> <span class='ocrx_word' id='word_1_42' title='bbox 796 714 891 776; x_wconf 86' lang='lat' dir='ltr'><strong>aliter</strong></span> <span class='ocrx_word' id='word_1_43' title='bbox 909 733 970 776; x_wconf 94' lang='lat' dir='ltr'><strong>non</strong></span> <span class='ocrx_word' id='word_1_44' title='bbox 988 717 1101 796; x_wconf 90' lang='lat' dir='ltr'><strong>proced</strong></span> <span class='ocrx_word' id='word_1_45' title='bbox 1186 777 1190 795; x_wconf 74' lang='grc'>,</span> 
     </span>
     <span class='ocr_line' id='line_1_6' title="bbox 137 798 1190 886; baseline 0.001 -20"><span class='ocrx_word' id='word_1_46' title='bbox 137 808 269 886; x_wconf 87' lang='lat' dir='ltr'><strong>paginae</strong></span> <span class='ocrx_word' id='word_1_47' title='bbox 319 803 469 864; x_wconf 91' lang='lat' dir='ltr'><strong>Verum</strong></span> <span class='ocrx_word' id='word_1_48' title='bbox 461 822 520 864; x_wconf 83' lang='lat' dir='ltr'><strong>lam</strong></span> <span class='ocrx_word' id='word_1_49' title='bbox 552 803 672 864; x_wconf 91' lang='lat' dir='ltr'><strong>tandem</strong></span> <span class='ocrx_word' id='word_1_50' title='bbox 704 811 734 864; x_wconf 90' lang='lat' dir='ltr'><strong>et</strong></span> <span class='ocrx_word' id='word_1_51' title='bbox 764 811 799 865; x_wconf 89' lang='lat' dir='ltr'><strong>tu</strong></span> <span class='ocrx_word' id='word_1_52' title='bbox 830 806 895 865; x_wconf 86' lang='lat' dir='ltr'><strong>vive</strong></span> <span class='ocrx_word' id='word_1_53' title='bbox 928 813 960 865; x_wconf 88' lang='lat' dir='ltr'><strong>et</strong></span> <span class='ocrx_word' id='word_1_54' title='bbox 989 804 1054 866; x_wconf 85' lang='lat' dir='ltr'><strong>vale</strong></span> <span class='ocrx_word' id='word_1_55' title='bbox 1087 825 1104 867; x_wconf 90' lang='lat' dir='ltr'><strong>c</strong></span> <span class='ocrx_word' id='word_1_56' title='bbox 1155 804 1158 809; x_wconf 80' lang='grc'><strong>’</strong></span> <span class='ocrx_word' id='word_1_57' title='bbox 1187 798 1190 817; x_wconf 82' lang='grc'><strong>’</strong></span> 
     </span>
     <span class='ocr_line' id='line_1_7' title="bbox 138 891 682 977; baseline -0.006 -22"><span class='ocrx_word' id='word_1_58' title='bbox 138 913 240 977; x_wconf 86' lang='lat' dir='ltr'><strong>uxore,</strong></span> <span class='ocrx_word' id='word_1_59' title='bbox 263 913 331 955; x_wconf 91' lang='lat' dir='ltr'><strong>cnm</strong></span> <span class='ocrx_word' id='word_1_60' title='bbox 354 893 468 975; x_wconf 89' lang='lat' dir='ltr'><strong>liberis,</strong></span> <span class='ocrx_word' id='word_1_61' title='bbox 491 911 559 953; x_wconf 89' lang='lat' dir='ltr'><strong>cum</strong></span> <span class='ocrx_word' id='word_1_62' title='bbox 581 891 682 954; x_wconf 89' lang='lat' dir='ltr'><strong>Musis.</strong></span> 
     </span>
    </p>
   </div>
   <div class='ocr_carea' id='block_1_2' title="bbox 137 997 1190 1150">
    <p class='ocr_par' dir='ltr' id='par_1_2' title="bbox 137 950 1190 1150">
     <span class='ocr_line' id='line_1_8' title="bbox 137 997 1190 1150; baseline 0.002 -89"><span class='ocrx_word' id='word_1_63' title='bbox 137 999 456 1150; x_wconf 47' lang='grc' dir='ltr'>Μῦιξῖῗιίἑίιίιιιςιε,</span> <span class='ocrx_word' id='word_1_64' title='bbox 489 1017 555 1058; x_wconf 90' lang='lat' dir='ltr'><strong>meo</strong></span> <span class='ocrx_word' id='word_1_65' title='bbox 584 1016 667 1058; x_wconf 92' lang='lat' dir='ltr'><strong>more</strong></span> <span class='ocrx_word' id='word_1_66' title='bbox 694 1000 890 1081; x_wconf 83' lang='lat' dir='ltr'><strong>praefestine,</strong></span> <span class='ocrx_word' id='word_1_67' title='bbox 919 998 968 1061; x_wconf 92' lang='lat' dir='ltr'><strong>die</strong></span> <span class='ocrx_word' id='word_1_68' title='bbox 997 997 1049 1062; x_wconf 79' lang='lat'><strong>27.</strong></span> <span class='ocrx_word' id='word_1_69' title='bbox 1074 1000 1190 1139; x_wconf 51' lang='lat' dir='ltr'><strong>Septa¹</strong></span> 
     </span>
    </p>
   </div>
   <div class='ocr_carea' id='block_1_3' title="bbox 364 1193 1187 1319">
    <p class='ocr_par' dir='ltr' id='par_1_3' title="bbox 364 1193 1187 1319">
     <span class='ocr_line' id='line_1_9' title="bbox 364 1193 1109 1257; baseline 0.002 -2"><span class='ocrx_word' id='word_1_70' title='bbox 364 1195 481 1256; x_wconf 86' lang='lat' dir='ltr'><strong>Tuust</strong></span> <span class='ocrx_word' id='word_1_71' title='bbox 469 1200 549 1255; x_wconf 89' lang='lat' dir='ltr'><strong>totus</strong></span> <span class='ocrx_word' id='word_1_72' title='bbox 573 1195 599 1253; x_wconf 90' lang='lat' dir='ltr'><strong>si</strong></span> <span class='ocrx_word' id='word_1_73' title='bbox 622 1193 710 1253; x_wconf 91' lang='lat' dir='ltr'><strong>modo</strong></span> <span class='ocrx_word' id='word_1_74' title='bbox 734 1212 806 1254; x_wconf 89' lang='lat' dir='ltr'><strong>suus</strong></span> <span class='ocrx_word' id='word_1_75' title='bbox 829 1193 898 1256; x_wconf 86' lang='lat' dir='ltr'><strong>lan.</strong></span> <span class='ocrx_word' id='word_1_76' title='bbox 923 1193 1109 1257; x_wconf 82' lang='lat' dir='ltr'><strong>Gruterus.</strong></span> 
     </span>
     <span class='ocr_line' id='line_1_10' title="bbox 1180 1294 1187 1319; baseline 0 0"><span class='ocrx_word' id='word_1_77' title='bbox 1180 1294 1187 1319; x_wconf 69' lang='lat' dir='ltr'><strong>d</strong></span> 
     </span>
    </p>
   </div>
   <div class='ocr_carea' id='block_1_4' title="bbox 136 1453 1190 1651">
    <p class='ocr_par' dir='ltr' id='par_1_4' title="bbox 136 1453 1190 1651">
     <span class='ocr_line' id='line_1_11' title="bbox 342 1453 1188 1543; baseline 0.002 -21"><span class='ocrx_word' id='word_1_78' title='bbox 342 1453 393 1523; x_wconf 84' lang='lat'><strong>33.</strong></span> <span class='ocrx_word' id='word_1_79' title='bbox 424 1456 451 1522; x_wconf 93' lang='grc' dir='ltr'><strong>Ι.</strong></span> <span class='ocrx_word' id='word_1_80' title='bbox 476 1455 636 1523; x_wconf 75' lang='lat' dir='ltr'><strong>Gruterus</strong></span> <span class='ocrx_word' id='word_1_81' title='bbox 659 1456 690 1523; x_wconf 83' lang='grc'><strong>0.</strong></span> <span class='ocrx_word' id='word_1_82' title='bbox 712 1454 946 1524; x_wconf 85' lang='lat' dir='ltr'><strong>Rittershusio.</strong></span> <span class='ocrx_word' id='word_1_83' title='bbox 1185 1538 1188 1543; x_wconf 22' lang='grc' dir='ltr'>Ι</span> 
     </span>
     <span class='ocr_line' id='line_1_12' title="bbox 136 1578 1190 1651; baseline -0.002 -16"><span class='ocrx_word' id='word_1_84' title='bbox 136 1580 403 1649; x_wconf 78' lang='lat' dir='ltr'><strong>Heidelbergee.</strong></span> <span class='ocrx_word' id='word_1_85' title='bbox 919 1584 960 1634; x_wconf 69' lang='lat'><strong>12.</strong></span> <span class='ocrx_word' id='word_1_86' title='bbox 980 1578 1054 1636; x_wconf 88' lang='lat' dir='ltr'><strong>Nov.</strong></span> <span class='ocrx_word' id='word_1_87' title='bbox 1073 1584 1153 1636; x_wconf 83' lang='lat'><strong>1593.</strong></span> <span class='ocrx_word' id='word_1_88' title='bbox 1184 1616 1190 1651; x_wconf 92' lang='lat'><strong>·.·</strong></span> 
     </span>
    </p>
   </div>
   <div class='ocr_carea' id='block_1_5' title="bbox 133 1688 1153 3552">
    <p class='ocr_par' dir='ltr' id='par_1_5' title="bbox 133 1688 1153 3552">
     <span class='ocr_line' id='line_1_13' title="bbox 204 1688 1153 1772; baseline 0.001 -19"><span class='ocrx_word' id='word_1_89' title='bbox 204 1694 232 1753; x_wconf 91' lang='lat' dir='ltr'><strong>S.</strong></span> <span class='ocrx_word' id='word_1_90' title='bbox 253 1693 284 1753; x_wconf 91' lang='lat' dir='ltr'><strong>P.</strong></span> <span class='ocrx_word' id='word_1_91' title='bbox 321 1691 422 1751; x_wconf 73' lang='lat' dir='ltr'><strong>Amice</strong></span> <span class='ocrx_word' id='word_1_92' title='bbox 447 1688 575 1751; x_wconf 85' lang='lat' dir='ltr'><strong>summe!</strong></span> <span class='ocrx_word' id='word_1_93' title='bbox 607 1691 668 1751; x_wconf 89' lang='lat' dir='ltr'><strong>Has</strong></span> <span class='ocrx_word' id='word_1_94' title='bbox 691 1710 781 1752; x_wconf 83' lang='lat' dir='ltr'><strong>exaro</strong></span> <span class='ocrx_word' id='word_1_95' title='bbox 803 1693 1012 1771; x_wconf 81' lang='lat' dir='ltr'><strong>tempestivam</strong></span> <span class='ocrx_word' id='word_1_96' title='bbox 1031 1692 1153 1772; x_wconf 88' lang='lat' dir='ltr'><strong>quidem</strong></span> 
     </span>
     <span class='ocr_line' id='line_1_14' title="bbox 136 1780 1153 1863; baseline -0.002 -19"><span class='ocrx_word' id='word_1_97' title='bbox 136 1791 249 1863; x_wconf 91' lang='lat' dir='ltr'><strong>nactus,</strong></span> <span class='ocrx_word' id='word_1_98' title='bbox 272 1781 324 1841; x_wconf 92' lang='lat' dir='ltr'><strong>sed</strong></span> <span class='ocrx_word' id='word_1_99' title='bbox 343 1782 478 1840; x_wconf 87' lang='lat' dir='ltr'><strong>citiorem</strong></span> <span class='ocrx_word' id='word_1_100' title='bbox 497 1782 749 1858; x_wconf 87' lang='lat' dir='ltr'><strong>opportunitatem</strong></span> <span class='ocrx_word' id='word_1_101' title='bbox 768 1799 856 1859; x_wconf 91' lang='lat' dir='ltr'><strong>quam</strong></span> <span class='ocrx_word' id='word_1_102' title='bbox 875 1788 926 1841; x_wconf 89' lang='lat' dir='ltr'><strong>aut</strong></span> <span class='ocrx_word' id='word_1_103' title='bbox 944 1799 998 1860; x_wconf 87' lang='lat' dir='ltr'><strong>ego</strong></span> <span class='ocrx_word' id='word_1_104' title='bbox 1017 1780 1153 1843; x_wconf 80' lang='lat' dir='ltr'><strong>volebam</strong></span> 
     </span>
     <span class='ocr_line' id='line_1_15' title="bbox 136 1867 1152 1948; baseline 0.001 -16"><span class='ocrx_word' id='word_1_105' title='bbox 136 1881 187 1932; x_wconf 91' lang='lat' dir='ltr'><strong>aut</strong></span> <span class='ocrx_word' id='word_1_106' title='bbox 214 1879 281 1931; x_wconf 89' lang='lat' dir='ltr'><strong>tuae</strong></span> <span class='ocrx_word' id='word_1_107' title='bbox 308 1868 500 1929; x_wconf 86' lang='lat' dir='ltr'><strong>merebantur</strong></span> <span class='ocrx_word' id='word_1_108' title='bbox 528 1867 654 1930; x_wconf 89' lang='lat' dir='ltr'><strong>litterae.</strong></span> <span class='ocrx_word' id='word_1_109' title='bbox 699 1868 778 1948; x_wconf 83' lang='lat' dir='ltr'><strong>Ergo</strong></span> <span class='ocrx_word' id='word_1_110' title='bbox 809 1871 950 1948; x_wconf 89' lang='lat' dir='ltr'><strong>quoniam</strong></span> <span class='ocrx_word' id='word_1_111' title='bbox 977 1869 1065 1931; x_wconf 87' lang='lat' dir='ltr'><strong>aliter</strong></span> <span class='ocrx_word' id='word_1_112' title='bbox 1091 1889 1152 1933; x_wconf 94' lang='lat' dir='ltr'><strong>non</strong></span> 
     </span>
     <span class='ocr_line' id='line_1_16' title="bbox 136 1956 1152 2042; baseline -0.001 -21"><span class='ocrx_word' id='word_1_113' title='bbox 136 1960 218 2042; x_wconf 90' lang='lat' dir='ltr'><strong>lieet,</strong></span> <span class='ocrx_word' id='word_1_114' title='bbox 251 1961 294 2019; x_wconf 90' lang='lat' dir='ltr'><strong>sic</strong></span> <span class='ocrx_word' id='word_1_115' title='bbox 325 1958 402 2018; x_wconf 89' lang='lat' dir='ltr'><strong>habe</strong></span> <span class='ocrx_word' id='word_1_116' title='bbox 434 1956 470 2017; x_wconf 94' lang='lat' dir='ltr'><strong>ad</strong></span> <span class='ocrx_word' id='word_1_117' title='bbox 502 1964 583 2039; x_wconf 87' lang='lat' dir='ltr'><strong>tuas,</strong></span> <span class='ocrx_word' id='word_1_118' title='bbox 614 1956 706 2018; x_wconf 88' lang='lat' dir='ltr'><strong>verho</strong></span> <span class='ocrx_word' id='word_1_119' title='bbox 738 1977 807 2019; x_wconf 89' lang='lat' dir='ltr'><strong>uno.</strong></span> <span class='ocrx_word' id='word_1_120' title='bbox 853 1957 1044 2019; x_wconf 85' lang='lat' dir='ltr'><strong>Gratissimas</strong></span> <span class='ocrx_word' id='word_1_121' title='bbox 1076 1959 1152 2021; x_wconf 92' lang='lat' dir='ltr'><strong>mihi</strong></span> 
     </span>
     <span class='ocr_line' id='line_1_17' title="bbox 135 2047 1152 2130; baseline -0.001 -20"><span class='ocrx_word' id='word_1_122' title='bbox 135 2057 302 2130; x_wconf 91' lang='lat' dir='ltr'><strong>postremas</strong></span> <span class='ocrx_word' id='word_1_123' title='bbox 324 2055 400 2129; x_wconf 92' lang='lat' dir='ltr'><strong>tuas,</strong></span> <span class='ocrx_word' id='word_1_124' title='bbox 423 2048 623 2126; x_wconf 83' lang='lat' dir='ltr'><strong>gratissimam</strong></span> <span class='ocrx_word' id='word_1_125' title='bbox 645 2049 872 2127; x_wconf 87' lang='lat' dir='ltr'><strong>inscriptionem</strong></span> <span class='ocrx_word' id='word_1_126' title='bbox 895 2047 1025 2128; x_wconf 86' lang='lat' dir='ltr'><strong>Queroli,</strong></span> <span class='ocrx_word' id='word_1_127' title='bbox 1051 2051 1078 2109; x_wconf 94' lang='lat' dir='ltr'><strong>si</strong></span> <span class='ocrx_word' id='word_1_128' title='bbox 1101 2067 1152 2110; x_wconf 80' lang='lat' dir='ltr'><strong>en-</strong></span> 
     </span>
     <span class='ocr_line' id='line_1_18' title="bbox 136 2136 1152 2218; baseline -0.001 -19"><span class='ocrx_word' id='word_1_129' title='bbox 136 2142 229 2218; x_wconf 92' lang='lat' dir='ltr'><strong>cipias</strong></span> <span class='ocrx_word' id='word_1_130' title='bbox 256 2136 358 2198; x_wconf 89' lang='lat' dir='ltr'><strong>laudes</strong></span> <span class='ocrx_word' id='word_1_131' title='bbox 385 2155 481 2218; x_wconf 80' lang='lat' dir='ltr'><strong>meae,</strong></span> <span class='ocrx_word' id='word_1_132' title='bbox 509 2137 618 2215; x_wconf 89' lang='lat' dir='ltr'><strong>quihus</strong></span> <span class='ocrx_word' id='word_1_133' title='bbox 645 2138 736 2196; x_wconf 91' lang='lat' dir='ltr'><strong>nimis</strong></span> <span class='ocrx_word' id='word_1_134' title='bbox 759 2136 897 2198; x_wconf 89' lang='lat' dir='ltr'><strong>inhaeres</strong></span> <span class='ocrx_word' id='word_1_135' title='bbox 921 2138 1065 2198; x_wconf 88' lang='lat' dir='ltr'><strong>amiciter.</strong></span> <span class='ocrx_word' id='word_1_136' title='bbox 1110 2137 1152 2209; x_wconf 81' lang='lat' dir='ltr'><strong>lis</strong></span> 
     </span>
     <span class='ocr_line' id='line_1_19' title="bbox 136 2223 1150 2307; baseline 0 -19"><span class='ocrx_word' id='word_1_137' title='bbox 136 2236 236 2288; x_wconf 90' lang='lat' dir='ltr'><strong>tamen</strong></span> <span class='ocrx_word' id='word_1_138' title='bbox 258 2226 334 2287; x_wconf 92' lang='lat' dir='ltr'><strong>nihil</strong></span> <span class='ocrx_word' id='word_1_139' title='bbox 356 2230 494 2307; x_wconf 90' lang='lat' dir='ltr'><strong>immuto,</strong></span> <span class='ocrx_word' id='word_1_140' title='bbox 517 2233 552 2286; x_wconf 86' lang='lat' dir='ltr'><strong>ut</strong></span> <span class='ocrx_word' id='word_1_141' title='bbox 574 2228 601 2286; x_wconf 91' lang='lat' dir='ltr'><strong>si</strong></span> <span class='ocrx_word' id='word_1_142' title='bbox 623 2223 697 2286; x_wconf 91' lang='lat' dir='ltr'><strong>nulli</strong></span> <span class='ocrx_word' id='word_1_143' title='bbox 720 2224 794 2285; x_wconf 89' lang='lat' dir='ltr'><strong>aliae</strong></span> <span class='ocrx_word' id='word_1_144' title='bbox 818 2227 864 2285; x_wconf 92' lang='lat' dir='ltr'><strong>rei</strong></span> <span class='ocrx_word' id='word_1_145' title='bbox 886 2227 1016 2306; x_wconf 85' lang='lat' dir='ltr'><strong>prosint,</strong></span> <span class='ocrx_word' id='word_1_146' title='bbox 1039 2229 1150 2288; x_wconf 88' lang='lat' dir='ltr'><strong>amoris</strong></span> 
     </span>
     <span class='ocr_line' id='line_1_20' title="bbox 135 2313 1151 2397; baseline -0.002 -19"><span class='ocrx_word' id='word_1_147' title='bbox 135 2321 180 2378; x_wconf 92' lang='lat' dir='ltr'><strong>tui</strong></span> <span class='ocrx_word' id='word_1_148' title='bbox 212 2316 359 2397; x_wconf 90' lang='lat' dir='ltr'><strong>liquidum</strong></span> <span class='ocrx_word' id='word_1_149' title='bbox 391 2323 493 2377; x_wconf 83' lang='lat' dir='ltr'><strong>extent</strong></span> <span class='ocrx_word' id='word_1_150' title='bbox 523 2316 736 2374; x_wconf 87' lang='lat' dir='ltr'><strong>testimonium.</strong></span> <span class='ocrx_word' id='word_1_151' title='bbox 782 2313 945 2385; x_wconf 88' lang='lat' dir='ltr'><strong>Querolum</strong></span> <span class='ocrx_word' id='word_1_152' title='bbox 976 2317 1076 2393; x_wconf 89' lang='lat' dir='ltr'><strong>ipsum</strong></span> <span class='ocrx_word' id='word_1_153' title='bbox 1105 2319 1151 2377; x_wconf 90' lang='lat' dir='ltr'><strong>uti</strong></span> 
     </span>
     <span class='ocr_line' id='line_1_21' title="bbox 134 2402 1151 2487; baseline 0 -21"><span class='ocrx_word' id='word_1_154' title='bbox 134 2405 220 2467; x_wconf 90' lang='lat' dir='ltr'><strong>hrevi</strong></span> <span class='ocrx_word' id='word_1_155' title='bbox 242 2409 386 2487; x_wconf 82' lang='lat' dir='ltr'><strong>mitteres,</strong></span> <span class='ocrx_word' id='word_1_156' title='bbox 409 2406 492 2484; x_wconf 93' lang='lat' dir='ltr'><strong>cupit</strong></span> <span class='ocrx_word' id='word_1_157' title='bbox 510 2405 630 2464; x_wconf 91' lang='lat' dir='ltr'><strong>omnino</strong></span> <span class='ocrx_word' id='word_1_158' title='bbox 649 2402 858 2463; x_wconf 85' lang='lat' dir='ltr'><strong>Commelinus.</strong></span> <span class='ocrx_word' id='word_1_159' title='bbox 896 2402 954 2474; x_wconf 88' lang='lat' dir='ltr'><strong>Qui</strong></span> <span class='ocrx_word' id='word_1_160' title='bbox 972 2403 1026 2464; x_wconf 94' lang='lat' dir='ltr'><strong>has</strong></span> <span class='ocrx_word' id='word_1_161' title='bbox 1045 2404 1151 2484; x_wconf 81' lang='lat' dir='ltr'><strong>adfert,</strong></span> 
     </span>
     <span class='ocr_line' id='line_1_22' title="bbox 135 2491 1151 2573; baseline 0 -18"><span class='ocrx_word' id='word_1_162' title='bbox 135 2495 359 2556; x_wconf 88' lang='lat' dir='ltr'><strong>commoditates</strong></span> <span class='ocrx_word' id='word_1_163' title='bbox 381 2493 438 2554; x_wconf 90' lang='lat' dir='ltr'><strong>tihi</strong></span> <span class='ocrx_word' id='word_1_164' title='bbox 461 2492 628 2571; x_wconf 82' lang='lat' dir='ltr'><strong>significare</strong></span> <span class='ocrx_word' id='word_1_165' title='bbox 648 2493 768 2573; x_wconf 91' lang='lat' dir='ltr'><strong>poterit,</strong></span> <span class='ocrx_word' id='word_1_166' title='bbox 789 2491 938 2571; x_wconf 91' lang='lat' dir='ltr'><strong>Principis</strong></span> <span class='ocrx_word' id='word_1_167' title='bbox 961 2495 1057 2553; x_wconf 91' lang='lat' dir='ltr'><strong>nostri</strong></span> <span class='ocrx_word' id='word_1_168' title='bbox 1080 2513 1151 2555; x_wconf 92' lang='lat' dir='ltr'><strong>con·</strong></span> 
     </span>
     <span class='ocr_line' id='line_1_23' title="bbox 136 2577 1151 2664; baseline 0 -20"><span class='ocrx_word' id='word_1_169' title='bbox 136 2585 266 2644; x_wconf 87' lang='lat' dir='ltr'><strong>siliarius</strong></span> <span class='ocrx_word' id='word_1_170' title='bbox 289 2585 413 2645; x_wconf 88' lang='lat' dir='ltr'><strong>intimus</strong></span> <span class='ocrx_word' id='word_1_171' title='bbox 436 2589 466 2642; x_wconf 90' lang='lat' dir='ltr'><strong>et</strong></span> <span class='ocrx_word' id='word_1_172' title='bbox 488 2581 563 2640; x_wconf 93' lang='lat' dir='ltr'><strong>mihi</strong></span> <span class='ocrx_word' id='word_1_173' title='bbox 585 2583 673 2642; x_wconf 92' lang='lat' dir='ltr'><strong>unice</strong></span> <span class='ocrx_word' id='word_1_174' title='bbox 696 2599 783 2641; x_wconf 89' lang='lat' dir='ltr'><strong>carus</strong></span> <span class='ocrx_word' id='word_1_175' title='bbox 806 2579 838 2640; x_wconf 89' lang='lat' dir='ltr'><strong>D.</strong></span> <span class='ocrx_word' id='word_1_176' title='bbox 858 2577 1151 2664; x_wconf 81' lang='lat' dir='ltr'><strong>Lingelshemius¹⁹²,</strong></span> 
     </span>
     <span class='ocr_line' id='line_1_24' title="bbox 135 2668 1152 2753; baseline -0.002 -18"><span class='ocrx_word' id='word_1_177' title='bbox 135 2694 151 2735; x_wconf 93' lang='lat' dir='ltr'><strong>a</strong></span> <span class='ocrx_word' id='word_1_178' title='bbox 175 2691 233 2753; x_wconf 87' lang='lat' dir='ltr'><strong>quo</strong></span> <span class='ocrx_word' id='word_1_179' title='bbox 258 2675 318 2733; x_wconf 90' lang='lat' dir='ltr'><strong>iam</strong></span> <span class='ocrx_word' id='word_1_180' title='bbox 341 2671 604 2749; x_wconf 84' lang='lat' dir='ltr'><strong>mododigredior</strong></span> <span class='ocrx_word' id='word_1_181' title='bbox 627 2689 643 2731; x_wconf 90' lang='lat' dir='ltr'><strong>e</strong></span> <span class='ocrx_word' id='word_1_182' title='bbox 665 2669 790 2749; x_wconf 91' lang='lat' dir='ltr'><strong>prandio</strong></span> <span class='ocrx_word' id='word_1_183' title='bbox 813 2668 845 2730; x_wconf 89' lang='lat' dir='ltr'><strong>D.</strong></span> <span class='ocrx_word' id='word_1_184' title='bbox 868 2669 1021 2750; x_wconf 77' lang='lat' dir='ltr'><strong>prpoiiti</strong></span> <span class='ocrx_word' id='word_1_185' title='bbox 1044 2690 1061 2732; x_wconf 92' lang='lat' dir='ltr'><strong>a</strong></span> <span class='ocrx_word' id='word_1_186' title='bbox 1085 2671 1152 2733; x_wconf 86' lang='lat' dir='ltr'><strong>Col-</strong></span> 
     </span>
     <span class='ocr_line' id='line_1_25' title="bbox 133 2755 1151 2842; baseline -0.003 -17"><span class='ocrx_word' id='word_1_187' title='bbox 133 2755 257 2826; x_wconf 77' lang='lat' dir='ltr'><strong>libus¹⁹³</strong></span> <span class='ocrx_word' id='word_1_188' title='bbox 288 2760 435 2842; x_wconf 90' lang='lat' dir='ltr'><strong>praesidis</strong></span> <span class='ocrx_word' id='word_1_189' title='bbox 464 2762 573 2840; x_wconf 91' lang='lat' dir='ltr'><strong>nostri,</strong></span> <span class='ocrx_word' id='word_1_190' title='bbox 606 2758 657 2820; x_wconf 92' lang='lat' dir='ltr'><strong>uhi</strong></span> <span class='ocrx_word' id='word_1_191' title='bbox 685 2767 716 2820; x_wconf 91' lang='lat' dir='ltr'><strong>et</strong></span> <span class='ocrx_word' id='word_1_192' title='bbox 743 2759 866 2819; x_wconf 91' lang='lat' dir='ltr'><strong>aderant</strong></span> <span class='ocrx_word' id='word_1_193' title='bbox 892 2761 989 2820; x_wconf 88' lang='lat' dir='ltr'><strong>vocati</strong></span> <span class='ocrx_word' id='word_1_194' title='bbox 1015 2759 1151 2822; x_wconf 90' lang='lat' dir='ltr'><strong>literatae</strong></span> 
     </span>
     <span class='ocr_line' id='line_1_26' title="bbox 134 2847 1151 2915; baseline -0.004 0"><span class='ocrx_word' id='word_1_195' title='bbox 134 2855 179 2915; x_wconf 87' lang='lat' dir='ltr'><strong>ilii</strong></span> <span class='ocrx_word' id='word_1_196' title='bbox 207 2851 372 2913; x_wconf 89' lang='lat' dir='ltr'><strong>nobilitatis</strong></span> <span class='ocrx_word' id='word_1_197' title='bbox 400 2867 416 2909; x_wconf 94' lang='lat' dir='ltr'><strong>a</strong></span> <span class='ocrx_word' id='word_1_198' title='bbox 442 2847 566 2908; x_wconf 89' lang='lat' dir='ltr'><strong>Plessen</strong></span> <span class='ocrx_word' id='word_1_199' title='bbox 593 2856 624 2908; x_wconf 91' lang='lat' dir='ltr'><strong>et</strong></span> <span class='ocrx_word' id='word_1_200' title='bbox 651 2848 767 2909; x_wconf 86' lang='lat' dir='ltr'><strong>Suerin.</strong></span> <span class='ocrx_word' id='word_1_201' title='bbox 813 2847 855 2909; x_wconf 89' lang='lat' dir='ltr'><strong>De</strong></span> <span class='ocrx_word' id='word_1_202' title='bbox 881 2848 1012 2909; x_wconf 85' lang='lat' dir='ltr'><strong>Taurelli</strong></span> <span class='ocrx_word' id='word_1_203' title='bbox 1039 2850 1151 2911; x_wconf 91' lang='lat' dir='ltr'><strong>emble-</strong></span> 
     </span>
     <span class='ocr_line' id='line_1_27' title="bbox 134 2937 1150 3020; baseline -0.005 -16"><span class='ocrx_word' id='word_1_204' title='bbox 134 2943 263 3004; x_wconf 88' lang='lat' dir='ltr'><strong>matibus</strong></span> <span class='ocrx_word' id='word_1_205' title='bbox 283 2949 399 3020; x_wconf 80' lang='lat' dir='ltr'><strong>gratum</strong></span> <span class='ocrx_word' id='word_1_206' title='bbox 417 2938 473 2998; x_wconf 86' lang='lat' dir='ltr'><strong>suit</strong></span> <span class='ocrx_word' id='word_1_207' title='bbox 491 2937 595 2997; x_wconf 90' lang='lat' dir='ltr'><strong>auditu</strong></span> <span class='ocrx_word' id='word_1_208' title='bbox 613 2939 726 2997; x_wconf 90' lang='lat' dir='ltr'><strong>versari</strong></span> <span class='ocrx_word' id='word_1_209' title='bbox 743 2956 777 2998; x_wconf 93' lang='lat' dir='ltr'><strong>ea</strong></span> <span class='ocrx_word' id='word_1_210' title='bbox 791 2940 871 2999; x_wconf 89' lang='lat' dir='ltr'><strong>circa</strong></span> <span class='ocrx_word' id='word_1_211' title='bbox 885 2957 1023 3018; x_wconf 83' lang='lat' dir='ltr'><strong>unguem.</strong></span> <span class='ocrx_word' id='word_1_212' title='bbox 1060 2937 1150 2999; x_wconf 88' lang='lat' dir='ltr'><strong>Facio</strong></span> 
     </span>
     <span class='ocr_line' id='line_1_28' title="bbox 134 3025 1151 3093; baseline -0.003 -2"><span class='ocrx_word' id='word_1_213' title='bbox 134 3042 200 3093; x_wconf 90' lang='lat' dir='ltr'><strong>vota</strong></span> <span class='ocrx_word' id='word_1_214' title='bbox 171 3030 334 3092; x_wconf 89' lang='lat' dir='ltr'><strong>tFamae</strong></span> <span class='ocrx_word' id='word_1_215' title='bbox 363 3037 393 3090; x_wconf 93' lang='lat' dir='ltr'><strong>et</strong></span> <span class='ocrx_word' id='word_1_216' title='bbox 420 3027 520 3086; x_wconf 81' lang='lat' dir='ltr'><strong>Annae</strong></span> <span class='ocrx_word' id='word_1_217' title='bbox 548 3025 699 3087; x_wconf 89' lang='lat' dir='ltr'><strong>Perennae</strong></span> <span class='ocrx_word' id='word_1_218' title='bbox 727 3027 891 3089; x_wconf 93' lang='lat' dir='ltr'><strong>eorundem</strong></span> <span class='ocrx_word' id='word_1_219' title='bbox 919 3046 1015 3089; x_wconf 88' lang='lat' dir='ltr'><strong>causa.</strong></span> <span class='ocrx_word' id='word_1_220' title='bbox 1061 3025 1151 3088; x_wconf 89' lang='lat' dir='ltr'><strong>Dedi-</strong></span> 
     </span>
     <span class='ocr_line' id='line_1_29' title="bbox 134 3115 1150 3223; baseline -0.003 -43"><span class='ocrx_word' id='word_1_221' title='bbox 134 3123 350 3223; x_wconf 83' lang='lat' dir='ltr'><strong>cationem,ut</strong></span> <span class='ocrx_word' id='word_1_222' title='bbox 316 3117 483 3197; x_wconf 88' lang='lat' dir='ltr'><strong>utidecet,</strong></span> <span class='ocrx_word' id='word_1_223' title='bbox 506 3117 626 3175; x_wconf 88' lang='lat' dir='ltr'><strong>tacitam</strong></span> <span class='ocrx_word' id='word_1_224' title='bbox 649 3115 772 3177; x_wconf 91' lang='lat' dir='ltr'><strong>haheho.</strong></span> <span class='ocrx_word' id='word_1_225' title='bbox 816 3117 853 3176; x_wconf 89' lang='lat' dir='ltr'><strong>Ei</strong></span> <span class='ocrx_word' id='word_1_226' title='bbox 875 3135 892 3177; x_wconf 93' lang='lat' dir='ltr'><strong>a</strong></span> <span class='ocrx_word' id='word_1_227' title='bbox 915 3135 963 3176; x_wconf 93' lang='lat' dir='ltr'><strong>me</strong></span> <span class='ocrx_word' id='word_1_228' title='bbox 984 3135 1041 3219; x_wconf 86' lang='lat' dir='ltr'><strong>per</strong></span> <span class='ocrx_word' id='word_1_229' title='bbox 1065 3134 1150 3177; x_wconf 93' lang='lat' dir='ltr'><strong>occa·</strong></span> 
     </span>
     <span class='ocr_line' id='line_1_30' title="bbox 134 3203 1150 3287; baseline -0.001 -20"><span class='ocrx_word' id='word_1_230' title='bbox 134 3210 248 3268; x_wconf 90' lang='lat' dir='ltr'><strong>sionem</strong></span> <span class='ocrx_word' id='word_1_231' title='bbox 272 3208 311 3287; x_wconf 93' lang='lat' dir='ltr'><strong>pl.</strong></span> <span class='ocrx_word' id='word_1_232' title='bbox 335 3206 468 3269; x_wconf 89' lang='lat' dir='ltr'><strong>salutem.</strong></span> <span class='ocrx_word' id='word_1_233' title='bbox 514 3203 665 3282; x_wconf 81' lang='lat' dir='ltr'><strong>Elegantis</strong></span> <span class='ocrx_word' id='word_1_234' title='bbox 690 3207 729 3265; x_wconf 92' lang='lat' dir='ltr'><strong>sit</strong></span> <span class='ocrx_word' id='word_1_235' title='bbox 753 3211 869 3284; x_wconf 93' lang='lat' dir='ltr'><strong>oportet</strong></span> <span class='ocrx_word' id='word_1_236' title='bbox 891 3207 1019 3284; x_wconf 81' lang='lat' dir='ltr'><strong>ingenii,</strong></span> <span class='ocrx_word' id='word_1_237' title='bbox 1043 3207 1150 3284; x_wconf 88' lang='lat' dir='ltr'><strong>quiet</strong></span> 
     </span>
     <span class='ocr_line' id='line_1_31' title="bbox 133 3285 1148 3374; baseline -0.003 -17"><span class='ocrx_word' id='word_1_238' title='bbox 133 3297 206 3358; x_wconf 93' lang='lat' dir='ltr'><strong>haec</strong></span> <span class='ocrx_word' id='word_1_239' title='bbox 238 3296 348 3356; x_wconf 92' lang='lat' dir='ltr'><strong>talia</strong></span> <span class='ocrx_word' id='word_1_240' title='bbox 340 3316 372 3357; x_wconf 91' lang='grc' dir='ltr'><strong>ιιι</strong></span> <span class='ocrx_word' id='word_1_241' title='bbox 404 3293 590 3374; x_wconf 79' lang='lat' dir='ltr'><strong>professione</strong></span> <span class='ocrx_word' id='word_1_242' title='bbox 623 3300 683 3353; x_wconf 92' lang='lat' dir='ltr'><strong>tam</strong></span> <span class='ocrx_word' id='word_1_243' title='bbox 715 3285 888 3353; x_wconf 76' lang='lat' dir='ltr'><strong>horrida¹⁹.⁴</strong></span> <span class='ocrx_word' id='word_1_244' title='bbox 935 3291 1015 3360; x_wconf 80' lang='lat' dir='ltr'><strong>Quae</strong></span> <span class='ocrx_word' id='word_1_245' title='bbox 1047 3301 1081 3354; x_wconf 88' lang='lat' dir='ltr'><strong>tu</strong></span> <span class='ocrx_word' id='word_1_246' title='bbox 1111 3295 1148 3354; x_wconf 93' lang='lat' dir='ltr'><strong>ad</strong></span> 
     </span>
     <span class='ocr_line' id='line_1_32' title="bbox 133 3384 1147 3486; baseline -0.001 -41"><span class='ocrx_word' id='word_1_247' title='bbox 133 3386 280 3465; x_wconf 88' lang='lat' dir='ltr'><strong>Plautum,</strong></span> <span class='ocrx_word' id='word_1_248' title='bbox 310 3402 434 3486; x_wconf 78' lang='lat' dir='ltr'><strong>quaeso,</strong></span> <span class='ocrx_word' id='word_1_249' title='bbox 461 3401 555 3461; x_wconf 90' lang='lat' dir='ltr'><strong>pero</strong></span> <span class='ocrx_word' id='word_1_250' title='bbox 557 3384 632 3443; x_wconf 92' lang='lat' dir='ltr'><strong>tium</strong></span> <span class='ocrx_word' id='word_1_251' title='bbox 654 3391 688 3442; x_wconf 92' lang='lat' dir='ltr'><strong>ut</strong></span> <span class='ocrx_word' id='word_1_252' title='bbox 710 3399 797 3461; x_wconf 89' lang='lat' dir='ltr'><strong>pares</strong></span> <span class='ocrx_word' id='word_1_253' title='bbox 821 3387 851 3440; x_wconf 89' lang='lat' dir='ltr'><strong>et</strong></span> <span class='ocrx_word' id='word_1_254' title='bbox 874 3397 976 3458; x_wconf 81' lang='lat' dir='ltr'><strong>ornes3</strong></span> <span class='ocrx_word' id='word_1_255' title='bbox 999 3398 1068 3440; x_wconf 91' lang='lat' dir='ltr'><strong>nam</strong></span> <span class='ocrx_word' id='word_1_256' title='bbox 1093 3402 1147 3462; x_wconf 79' lang='lat' dir='ltr'><strong>ego</strong></span> 
     </span>
     <span class='ocr_line' id='line_1_33' title="bbox 134 3468 1148 3552; baseline -0.011 -15"><span class='ocrx_word' id='word_1_257' title='bbox 134 3479 192 3537; x_wconf 88' lang='lat' dir='ltr'><strong>iam</strong></span> <span class='ocrx_word' id='word_1_258' title='bbox 219 3480 300 3535; x_wconf 90' lang='lat' dir='ltr'><strong>totus</strong></span> <span class='ocrx_word' id='word_1_259' title='bbox 324 3492 390 3534; x_wconf 91' lang='lat' dir='ltr'><strong>sum</strong></span> <span class='ocrx_word' id='word_1_260' title='bbox 413 3474 445 3531; x_wconf 93' lang='lat' dir='ltr'><strong>in</strong></span> <span class='ocrx_word' id='word_1_261' title='bbox 469 3471 594 3552; x_wconf 84' lang='lat' dir='ltr'><strong>Seneca,</strong></span> <span class='ocrx_word' id='word_1_262' title='bbox 623 3473 673 3549; x_wconf 88' lang='lat' dir='ltr'><strong>qui</strong></span> <span class='ocrx_word' id='word_1_263' title='bbox 698 3469 836 3531; x_wconf 89' lang='lat' dir='ltr'><strong>exodium</strong></span> <span class='ocrx_word' id='word_1_264' title='bbox 860 3468 921 3527; x_wconf 81' lang='lat' dir='ltr'><strong>fere</strong></span> <span class='ocrx_word' id='word_1_265' title='bbox 946 3474 1067 3545; x_wconf 87' lang='lat' dir='ltr'><strong>spectat.</strong></span> <span class='ocrx_word' id='word_1_266' title='bbox 1116 3472 1148 3532; x_wconf 86' lang='lat' dir='ltr'><strong>Si</strong></span> 
     </span>
    </p>
   </div>
   <div class='ocr_carea' id='block_1_6' title="bbox 922 3680 1065 3754">
    <p class='ocr_par' dir='ltr' id='par_1_6' title="bbox 922 3680 1065 3754">
     <span class='ocr_line' id='line_1_34' title="bbox 922 3680 1065 3754; baseline 0 0"><span class='ocrx_word' id='word_1_267' title='bbox 922 3680 1065 3754; x_wconf 66' lang='lat' dir='ltr'>A</span> 
     </span>
    </p>
   </div>
   <div class='ocr_carea' id='block_1_7' title="bbox 0 0 1204 3966">
    <p class='ocr_par' dir='ltr' id='par_1_7' title="bbox 0 0 1204 3966">
     <span class='ocr_line' id='line_1_35' title="bbox 0 0 1204 3966; baseline 0 2"><span class='ocrx_word' id='word_1_268' title='bbox 0 0 1204 3966; x_wconf 95' lang='lat' dir='ltr'><strong> </strong></span> 
     </span>
    </p>
   </div>
  </div>
 </body>
</html>
