2400 3966
553 193 690 265 epistolae
1086 195 1129 261 33

83 350 146 426 ipsi.
196 347 271 426 Ego
302 352 389 407 certe
414 344 592 424 loquacitate
615 363 663 409 me
686 362 789 425 parem
812 346 969 424 praestabo
993 347 1039 408 vel
1062 368 1128 428 gar-

84 436 164 497 rulae
190 455 314 517 ranae,
338 443 375 495 tu
398 433 506 495 exhibe
530 451 640 512 quaeso
664 433 807 495 lusciniae
833 434 1017 496 harmoniam
1040 445 1128 517 atque

83 544 148 586 eam
169 543 322 604 auguror
342 526 474 584 m'suram
496 515 569 606 (stc)
587 524 670 582 iniis
686 541 759 602 quae
774 542 861 602 paras
877 526 1006 605 scriptiS,
1021 525 1129 605 quibus

85 614 241 676 Perticam
268 614 425 692 adprecor
447 612 594 672 laventem
613 619 642 672 et
659 611 890 673 Perennitatem.
923 612 1031 674 Nostra
1051 616 1129 694 quod

87 713 250 784 expectas,
276 704 396 763 frustra
418 719 461 762 es.
498 701 611 761 Seneca
634 703 796 762 etiamnum
820 703 852 763 in
875 702 975 763 fasciis
999 705 1077 765 iacet
1096 724 1130 766 ac

90 796 193 875 cunis,
225 789 382 853 nonnulla
411 808 490 872 mea,
523 790 576 850 sed
602 791 715 850 maiore
743 791 919 870 typographi
942 792 1130 876 negligentia,

92 885 141 943 eui
159 883 258 943 deest
279 879 395 941 charta.
427 879 470 939 Ad
490 881 653 940 orationem
673 879 752 958 quod
777 883 882 941 attinet
905 884 936 942 iu
955 886 1129 944 memoriam

93 970 158 1032 heri
183 973 254 1032 mei
279 969 367 1030 Dom.
387 967 547 1028 Christiani
570 968 715 1029 Senoniae
733 968 880 1030 Electoris
904 965 1000 1032 etc.¹³⁷
1024 972 1130 1034 vellem

97 1068 128 1121 ut
149 1059 273 1140 debeo,
306 1060 369 1119 nisi
399 1065 586 1118 morarentur
616 1075 663 1118 me
694 1056 758 1118 aha.
804 1058 899 1137 Cupio
930 1062 1009 1120 enim
1038 1061 1130 1122 altera

98 1151 240 1210 oratione
265 1147 522 1226 comprehendere
546 1146 661 1226 reliqua
684 1165 760 1226 quae
783 1149 878 1225 priori
900 1149 1030 1230 deerant,
1054 1169 1129 1229 quae

103 1241 274 1299 murnum
304 1237 435 1315 requiro.
482 1236 539 1298 Sed
568 1243 668 1297 tamen
693 1244 728 1297 ut
755 1236 852 1296 dicam
880 1237 958 1316 quod
982 1244 1040 1317 est,
1069 1257 1129 1298 non

104 1328 213 1388 restris
232 1325 288 1386 illa
307 1327 421 1404 scripta
435 1325 565 1407 amibus,
587 1343 648 1385 non
668 1327 763 1404 genio.
794 1325 985 1403 Suspiciones
1000 1344 1081 1386 meas
1091 1321 1128 1360 ¹³³

109 1417 340 1495 praevorterim,
362 1432 436 1494 quas
458 1413 554 1476 lucem
577 1417 796 1494 quamprimum
815 1412 915 1474 videre
934 1414 1028 1475 famae
1047 1434 1130 1476 meae

110 1507 184 1565 serio
210 1507 352 1565 interest.
393 1502 539 1565 Arbitrari
562 1505 643 1564 enim
661 1510 783 1583 possent
805 1503 941 1565 homines
965 1503 1059 1565 fluxae
1083 1524 1131 1566 me

112 1593 176 1654 lidei
206 1601 239 1656 et
268 1593 358 1654 dictis
385 1599 499 1657 tantum
528 1592 680 1673 dapsilem.
726 1592 778 1652 Eis
806 1594 832 1652 si
862 1599 912 1653 tua
939 1592 1044 1654 Peitho
1069 1598 1131 1675 epi-

114 1700 243 1760 gramma
267 1699 432 1763 paucorum
454 1684 647 1762 imputaverit
668 1700 823 1762 versuum,
849 1688 911 1741 tam
934 1683 992 1743 erit
1015 1692 1131 1762 gratum

115 1789 198 1849 quam
223 1771 306 1851 quod
330 1765 576 1850 gratissimnm¹⁸⁹
605 1770 817 1849 obligaborque
846 1770 943 1832 libens
973 1772 1131 1832 adsimile

67 1882 69 1941 ξ
115 1861 199 1922 officii
224 1879 330 1940 genus.
375 1860 409 1922 D.
432 1860 602 1922 Taurellum
625 1859 662 1920 de
686 1859 778 1919 salute
802 1855 913 1921 mea¹⁴⁰
942 1861 1020 1940 quod
1049 1880 1128 1922 com·

116 1949 283 2031 pellaveris,
316 1949 442 2011 multum
472 1957 504 2011 te
531 1966 611 2030 amo,
643 1947 767 2009 multum
797 1968 915 2030 quoque
943 1950 1072 2033 debebo,
1105 1952 1132 2010 si

117 2036 296 2100 Emblemata
315 2034 455 2118 ipsius¹⁴¹
472 2057 527 2120 per
544 2046 575 2100 te
594 2041 758 2099 nanciscor.
777 2037 935 2100 Praestans
955 2047 1072 2118 oportet
1091 2042 1129 2100 sit

117 2127 247 2209 ingenio,
276 2130 328 2207 qui
350 2135 381 2189 et
406 2135 467 2190 tam
495 2128 610 2189 floridis
634 2145 702 2188 cum
728 2127 815 2188 laude
843 2135 938 2208 vacet3
971 2129 1071 2207 itaque
1102 2136 1132 2188 et

117 2216 220 2278 itemm
255 2219 283 2278 ei
316 2235 332 2277 a
360 2235 408 2278 me
442 2217 552 2279 salutes
580 2219 696 2278 recenti
727 2218 837 2278 amoris
869 2214 937 2274 litas
970 2225 1130 2295 unguento.

117 2303 473 2387 euanesceretque.
496 2299 696 2387 Muliermffl,
720 2298 861 2366 soceri¹⁴³
884 2322 975 2383 opera
998 2324 1130 2367 mensam

117 2397 237 2456 mutuas
264 2402 295 2456 et
320 2394 534 2457 habitationem
561 2394 625 2455 loco
654 2401 701 2455 est
728 2394 895 2475 commodo3
924 2396 952 2453 ei
978 2402 1131 2474 praeterea

119 2483 236 2563 siquid
259 2491 373 2564 potero,
395 2483 492 2546 libens
515 2483 672 2565 praestabo
696 2485 728 2543 in
746 2491 815 2544 tuae
835 2501 918 2563 spem
937 2485 1058 2562 gratiae.
1088 2483 1130 2546 De

119 2569 210 2634 lastis
237 2569 420 2653 Chytraei¹⁴⁴
444 2573 556 2635 dictum
579 2573 611 2633 D.
630 2566 799 2632 Posthio¹⁴⁵
822 2579 924 2633 nostro
949 2573 1028 2653 quod
1051 2573 1130 2636 vole-

120 2658 167 2722 bas
193 2664 280 2741 isque
307 2669 338 2723 te
362 2661 435 2724 adeo
462 2661 613 2724 resalutat.
658 2661 820 2723 Libitinam
848 2658 1132 2726 avunculilunii1¹16

120 2750 175 2810 iam
197 2753 327 2832 mittam,
349 2753 377 2815 si
399 2751 579 2832 exemplaria
603 2751 682 2830 apud
706 2751 935 2835 Commelinum;
967 2756 1026 2814 iam
1050 2757 1131 2814 enim

118 2837 171 2900 boc
206 2841 271 2920 ipso
304 2858 373 2902 enm
409 2848 549 2920 exspecto
582 2840 724 2902 reducem
761 2859 797 2902 ex
829 2840 1130 2903 Francoiurtensibus

119 2928 257 2990 ermelinis
280 2937 440 2991 momento.
473 2930 506 2991 Si
528 2937 628 2991 tamen
651 2930 816 2991 morabitur
835 2929 956 3011 diutius,
980 2936 1009 2989 at
1027 2937 1130 3009 postea

119 3024 214 3079 umen
235 3018 346 3081 habeas
372 3019 447 3080 laxo.
493 3019 568 3080 lstas
598 3021 678 3080 euim
708 3018 845 3080 desubito
876 3020 995 3079 exaravi
1025 3025 1130 3080 nactus

118 3104 266 3169 hominem
285 3109 421 3190 amicum,
439 3108 520 3168 domi
538 3107 677 3190 nobilem,
701 3111 752 3189 qui
771 3114 852 3168 recta
870 3107 907 3168 ad
926 3125 987 3187 vos,
1010 3113 1043 3168 ut
1061 3107 1131 3170 inde

118 3195 148 3255 io
168 3194 292 3257 ltaham.
331 3196 471 3277 Ignoscas
489 3199 581 3277 igitur
598 3198 772 3279 impolitiae,
795 3198 822 3257 si
845 3202 875 3256 et
892 3195 942 3257 hic
960 3198 1058 3258 miuus
1083 3215 1130 3258 ac-

118 3291 235 3347 curatus
254 3303 344 3366 quam
362 3285 399 3347 de
417 3305 510 3369 more,
529 3305 587 3367 quo
602 3297 699 3349 tamen
715 3284 790 3348 nihil
805 3285 936 3364 alioquin
955 3285 1129 3366 impohtius.

120 3370 184 3436 Vale
201 3381 233 3436 et
252 3373 340 3457 salve,
358 3377 452 3438 amice
471 3382 625 3459 perpetue,
642 3395 712 3437 cum
725 3383 776 3437 tua
790 3375 941 3436 lunonene
956 3394 993 3437 an
1007 3376 1130 3436 Venere.

160 3461 437 3547 heidelbergae,
461 3466 509 3526 die
531 3464 632 3526 XXIV.
652 3465 741 3545 April
761 3463 913 3526 MDXGlll.

534 3555 566 3616 Τ.
588 3561 640 3616 tuo
664 3556 730 3616 iure
752 3560 834 3614 totus
857 3553 878 3614 l.
903 3553 1086 3615 Gruterus.

169 3661 244 3713 uuna.
258 3673 319 3706 mo.
335 3663 519 3706 xr10txv11.
955 3657 972 3707 3
1021 3696 1135 3740 Α
