2400 3966
90 162 132 228 82
465 187 467 193 ’
522 163 675 220 LGruteri

91 331 234 375 conamur
253 331 329 394 csse,
352 315 424 373 item
443 313 559 394 allect,u
582 331 686 374 verum
706 313 838 394 facultas,
860 331 964 373 rerum
984 314 1151 415 effectusn.

89 421 150 464 non
177 403 345 481 respondet.
393 402 517 482 Semper
540 404 658 481 reperio
681 421 729 462 me
758 402 853 463 adhuc
880 402 999 463 vel't
954 410 999 463 int
1001 421 1033 462 ra
1060 375 1151 505 velp}¹

89 495 168 554 circa
200 510 346 552 carceres.
392 490 530 552 Vestrum
563 493 620 551 erit
607 492 746 552 tstadio
779 491 877 552 medio
910 491 1044 552 exultare
1077 499 1109 553 et

88 581 238 643 indefesso
271 599 362 641 cursu
393 598 585 659 perseverare
618 581 654 641 ad
687 580 806 641 calcem.
853 580 916 652 Qua
948 583 980 640 in
1013 600 1046 640 re
1079 556 1151 690 si}¹

88 678 137 731 vot
138 672 178 752 is,
206 673 233 730 si
256 670 399 730 adclamat
400 669 519 730 ionibus
542 672 618 730 meis
642 669 753 748 aliquid
776 671 921 749 prolicere
944 688 993 730 mc
1017 651 1150 749 posse

88 767 142 839 put
144 778 175 819 as
176 761 317 840 ,impera
336 761 392 818 et
384 766 477 838 impet
478 777 536 818 ras.
573 757 671 819 Habes
685 757 753 818 heic
767 761 897 840 interim,
917 759 996 838 quod
1011 762 1151 841 cupis,

88 849 157 909 dext
145 855 222 908 tram
246 847 362 908 scilicet
384 865 490 928 meam,
513 855 606 926 quat
593 846 649 908 tibi
672 847 815 926 polliceor
838 849 927 908 fidem
951 867 984 909 ac
1007 849 1106 909 saven-

88 940 173 1017 tiam‚
201 937 341 1016 quamdiu
370 955 435 996 eam
464 936 596 997 servabis
623 939 670 996 vir
671 939 781 997 tutiet
768 937 973 998 teruditioni.
1021 937 1107 1008 Quod
1137 920 1151 1050 ἵ

1135 738 1151 780 't‘d

1139 829 1151 872 ὖ

89 1045 175 1106 spero
200 1026 333 1086 futurum
356 1034 509 1106 perpetuo.
546 1026 623 1097 Quid
642 1028 723 1086 enim
742 1045 861 1129 sperem
884 1026 970 1086 aliter
989 1027 1151 1088 dottam

88 1115 238 1176 benet
187 1123 238 1176 nat
240 1134 266 1196 o,
289 1114 365 1175 hene
390 1115 522 1176 educato.
559 1114 618 1175 llas
643 1117 727 1175 mitto
750 1117 797 1175 via
821 1115 886 1196 alia,
910 1135 998 1195 quam
1021 1135 1105 1176 mon·
1145 1189 1149 1197 ,

89 1207 200 1286 strasti,
224 1203 302 1284 quod
326 1203 447 1265 videbar
469 1211 574 1264 nactus
597 1206 792 1265 occasionem.
1146 1203 1151 1228 ⁴¹

154 1293 222 1354 Vale
256 1301 286 1353 et
319 1293 396 1354 salve
430 1300 459 1353 et
486 1293 566 1353 mille
595 1293 705 1353 salutes
733 1312 815 1354 meas
843 1295 964 1372 imperti
994 1312 1104 1372 quaeso

89 1383 279 1445 solertissimi
310 1384 423 1461 ingenii
456 1384 679 1461 acutissimique
712 1383 816 1443 iudicii
848 1385 912 1443 viro
939 1382 992 1443 [ln.
1022 1381 1105 1442 Eliae

88 1465 297 1552 Reusnero⁴⁰⁵‚
320 1473 414 1532 amico
438 1479 472 1532 ut
495 1491 583 1551 spero
602 1474 856 1553 constantissimo,
880 1473 1014 1551 quamvis
1037 1491 1105 1532 eum

89 1560 223 1641 epistolis
254 1563 330 1621 meis
363 1563 481 1640 saepius
511 1580 572 1621 non
600 1561 758 1642 compello,
792 1561 870 1640 quod
897 1564 997 1640 ipsum
1025 1561 1105 1622 nulla

88 1649 143 1709 alia
168 1651 200 1710 lit
229 1649 266 1709 de
290 1667 392 1730 causa,
419 1667 506 1728 quam
535 1649 572 1709 ob
601 1652 754 1710 raritatem
776 1649 1000 1710 tabellariorum
1023 1658 1105 1711 recta

88 1738 124 1798 ad
152 1757 204 1798 vos
232 1737 426 1798 tendentium.
473 1737 531 1798 Sed
559 1757 615 1799 nec
638 1738 807 1800 Fraucfurti
833 1739 949 1799 offendo
973 1757 1105 1818 unquam

88 1826 286 1906 typographos
305 1825 516 1905 bibliopolasve
531 1827 681 1909 lonenses,
700 1828 779 1907 quod
797 1831 890 1888 miror
909 1835 939 1888 et
957 1829 1105 1909 indignor,

88 1935 148 1977 non
172 1915 268 1976 solnm
292 1915 371 1994 quod
394 1917 542 1977 amicitiae
566 1911 704 2001 fructui)
724 1924 900 1997 eapropter
918 1919 1028 1998 priver,
1052 1918 1104 1978 scd

88 2007 178 2066 etiam
201 2005 280 2085 quod
303 2023 364 2065 non
388 2005 535 2084 adipiscar
557 2005 660 2086 libros,
683 2025 757 2086 quos
780 2006 982 2067 desiderarem
1001 2025 1105 2067 eorum

88 2096 315 2174 investigatione
338 2093 413 2154 mihi
436 2095 495 2154 emi
519 2113 552 2156 ac
575 2095 671 2156 vendi.

136 2201 308 2263 Scribebam
331 2201 379 2262 die
405 2197 455 2262 15.
479 2182 564 2263 Febr.
592 2198 677 2265 1614
703 2204 811 2281 raptim
834 2200 1104 2280 Heidelbergae.

389 2309 494 2370 Vester
517 2313 598 2370 omni
622 2310 719 2370 officio
743 2309 849 2370 lanus
873 2308 1060 2370 Gruterus.

311 2569 361 2639 63.
384 2571 410 2639 1.
435 2571 594 2641 Gruterus
618 2572 671 2640 dh.
694 2569 892 2640 Hoelliolrio.

92 2692 356 2763 Heidelbergae.
871 2692 1007 2749 11.1unii
1029 2697 1104 2747 1614.

156 2806 235 2868 Clm0.
260 2807 540 2888 elegantissimoque
563 2810 663 2870 iuveni
686 2807 759 2869 Duo.
779 2807 993 2887 Christophoro
1015 2805 1105 2866 Hoci-

88 2897 177 2958 lichio
210 2899 285 2958 iuris
316 2897 472 2958 candidato
501 2906 530 2958 ct
557 2901 651 2959 amico
680 2900 808 2976 egregio.
854 2896 949 2958 lenae.
990 2913 1105 2956 recom-

88 2986 194 3047 mande
218 3006 234 3048 a
257 2986 284 3046 la
309 2988 469 3046 courtoisie
493 2987 529 3047 de
553 2987 657 3048 Mons².
681 2985 800 3047 Remus.

155 3076 243 3137 lanus
267 3074 413 3136 Gruterus
437 3075 651 3156 Christophoro
674 3075 844 3136 Hocilichio
868 3075 897 3135 S.
912 3073 942 3134 P.

154 3163 263 3226 Litoris
274 3167 334 3226 tuis
344 3171 459 3225 tantum
470 3165 681 3246 gaudiidcbeo,
692 3172 835 3244 quantum
850 3163 970 3224 doloris.
990 3162 1106 3224 Gaude-

88 3252 157 3312 ham
180 3272 246 3314 mea
270 3254 368 3332 aliquo
392 3272 459 3314 esse
482 3257 513 3315 in
532 3258 629 3334 pretio
654 3255 730 3333 apud
754 3262 792 3316 te.
838 3252 979 3314 Dolebam
1003 3260 1107 3314 contra

90 3360 136 3401 me
156 3359 193 3401 ne
208 3345 401 3402 centesimam
420 3339 585 3425 <quidem>
599 3352 714 3424 partem
730 3362 834 3404 eorum
854 3345 885 3403 in
899 3360 947 3402 me
961 3344 1108 3424 invenire,

160 3532 186 3602 1)
206 3530 272 3586 eoa.
290 3533 419 3600 fructum.
