2400 3966
139 183 180 248 16
573 177 730 250 Epistolae

136 334 309 413 comitatus,
339 350 374 392 eo
408 330 521 392 salvum
552 330 663 391 deduxi
693 337 723 390 et
752 329 839 390 hodie
870 335 1025 390 revertens
1056 330 1196 410 reperi-r

49 446 54 454 ·
136 421 215 482 hunc
229 439 355 500 puerum
370 420 446 500 apud
462 438 526 501 nos,
541 422 592 498 qui
606 437 655 480 me
670 437 722 479 sex
737 419 801 479 dies
812 425 908 478 —tot
922 419 1004 479 enim
1019 417 1105 481 abfui
1115 452 1159 467 -·

136 529 206 572 cum
228 510 275 571 his
299 509 408 570 litteris
431 509 480 570 hic
504 511 693 588 exspectavit,
717 526 790 586 quas
813 506 870 568 tibi
891 513 1053 586 propterea
1075 527 1159 571 nunc
1185 549 1189 591 ,

136 619 195 661 una
226 602 329 681 mitto,
359 607 392 659 ut
421 597 583 679 intelligas,
615 604 740 677 quantae
770 597 843 658 haec
871 615 934 677 res,
964 615 1056 676 quam
1087 606 1158 661 ate

136 690 293 768 petendam
312 695 460 768 putamus,
480 705 568 748 curae
588 689 617 747 ei
635 689 683 767 sit,
702 689 754 766 qui
769 685 883 766 scribit,
902 692 933 746 et
950 687 1048 764 ipsius
1068 706 1158 750 causa
1180 686 1185 695 ⁴

136 781 226 838 ctiam
241 776 323 857 mihi,
342 784 429 855 atque
448 784 481 837 ut
500 775 654 837 sublevent
673 794 720 836 me
740 794 829 854 opera
848 776 1045 854 expositionis
1065 795 1156 856 nego

135 869 171 926 tii
194 874 224 927 et
247 867 359 926 fessum
384 873 414 926 et
437 864 625 944 languentem
649 883 665 925 e
688 867 747 946 via,
778 864 809 924 id
832 866 913 925 enim
935 870 1033 926 totum
1057 885 1094 927 ex
1118 868 1157 928 iia

136 955 293 1033 intelliges.
318 954 433 1033 Cogitat
447 954 612 1016 bacaiarius
627 956 693 1015 fieri
702 953 897 1035 Erphurdiae,
911 953 979 1014 ideo
995 957 1156 1034 requirun·
1187 1011 1193 1043 ,

136 1052 187 1104 tur
212 1046 382 1105 testimonia
410 1042 446 1103 ab
467 1046 535 1123 ipso
563 1045 689 1104 rectoris
718 1050 748 1103 et
775 1043 880 1104 decani
909 1049 1026 1104 vestrae
1051 1045 1156 1106 acade-

136 1136 221 1214 miae,
246 1133 353 1212 quibus
376 1132 497 1212 planum
520 1133 570 1192 fiat
593 1151 686 1193 unum
708 1150 818 1193 annum
837 1133 936 1212 ipsum
955 1135 986 1192 in
1006 1151 1099 1195 cursu
1118 1132 1155 1195 ad
1178 1136 1196 1170 *²

136 1241 188 1283 eos
211 1223 340 1283 honores
364 1221 573 1303 complevisse,
596 1221 675 1282 hunc
698 1240 769 1281 vero
793 1240 861 1282 cum
885 1223 1083 1302 interruperit
1097 1225 1156 1302 ipsi
1185 1227 1196 1285 ζῑ

136 1312 192 1372 hoc
215 1312 505 1373 calamitosissimum
528 1310 640 1372 bellum
668 1312 746 1371 sicut
773 1309 864 1371 multa
888 1309 958 1391 alia,
980 1314 1099 1391 metuit,
1122 1322 1156 1375 ut
1181 1321 1196 1387 „t

136 1403 291 1480 impetrari
312 1403 431 1483 possit„
447 1400 509 1481 Ego
534 1401 654 1479 quidem
677 1403 823 1460 rationem
842 1402 962 1460 omnino
987 1400 1156 1463 habendam
1188 1431 1196 1468 r

136 1499 208 1569 puto
240 1490 344 1550 talium
373 1497 541 1569 temporum
574 1496 604 1550 et
636 1489 714 1569 quod
748 1489 953 1550 iurisconsulti
983 1489 1095 1552 docent
1124 1493 1156 1553 iu
1185 1504 1196 1561 't

136 1578 289 1638 maleficiis
312 1580 378 1638 fieri
402 1586 553 1659 oportere,
581 1580 611 1660 id
639 1577 733 1639 multo
760 1581 854 1657 magis
882 1581 914 1639 in
940 1578 1156 1660 honestissimo
1187 1608 1196 1649 ,ι

137 1667 234 1727 studio
263 1667 444 1747 faciendum,
477 1667 515 1731 ad
540 1667 721 1729 vobmtatem
751 1675 784 1728 ut
812 1670 999 1746 respiciatur.
1046 1668 1158 1731 Nescio
1194 1676 1196 1701 ²

135 1764 248 1834 tamen,
277 1755 347 1834 quid
371 1758 437 1816 lieri
459 1758 554 1835 possit
577 1764 628 1817 aut
654 1759 716 1837 peti
739 1757 856 1837 debeat,
885 1757 1021 1817 fortassis
1050 1777 1087 1820 ea
1110 1767 1158 1821 est

137 1846 279 1904 severitas
307 1853 472 1905 vestrarum
499 1844 612 1926 legum,
644 1853 677 1908 ut
704 1846 892 1907 mendacium
919 1845 976 1906 hoc
1003 1846 1158 1930 iudicetis,

136 1952 204 1994 cum
234 1932 325 1993 multa
355 1941 385 1994 et
416 1937 459 1995 sic
490 1936 560 1995 fiant
592 1943 622 1996 et
651 1937 841 2015 disputentur
870 1937 936 2010 fieri
965 1953 1158 2016 nequaquam

136 2021 280 2101 improbe.
326 2023 389 2084 Hoc
412 2025 504 2102 igitur
527 2044 563 2085 ex
586 2033 615 2085 te
635 2027 776 2104 'cupimus
800 2043 979 2103 cognoscere
1003 2026 1157 2106 simulque

134 2113 274 2192 petimuS,
299 2131 366 2173 cum
389 2113 421 2173 D.
441 2114 552 2174 decano
577 2115 613 2175 de
636 2115 692 2176 hac
714 2133 747 2175 re
771 2121 805 2175 ut
828 2116 1039 2195 communices,
1063 2134 1157 2195 quom

135 2210 206 2280 puto
226 2201 321 2263 adhuc
340 2221 406 2264 esse
426 2205 625 2266 convictorem
643 2212 736 2266 tuum.
765 2203 848 2275 Quod
868 2205 895 2264 si
913 2206 1156 2282 componendum

19 2304 21 2308 ’
134 2290 246 2370 aliquid
269 2291 427 2373 putabitis,
454 2293 524 2354 huic
546 2312 639 2374 puero
663 2295 743 2374 date,
771 2296 823 2373 qui
846 2295 910 2354 eius
933 2295 979 2353 rei
1001 2311 1092 2355 causa
1116 2295 1155 2356 ab

135 2381 200 2460 ipso
224 2380 259 2441 ad
283 2399 335 2441 vos
358 2384 487 2443 mittitur
505 2390 536 2443 et
558 2383 661 2463 solvet,
683 2401 759 2461 quae
782 2385 900 2461 poterit.
943 2381 1036 2461 Cupio
1061 2386 1154 2462 grati-

135 2471 219 2530 ficari
242 2468 436 2532 adolescenti:
465 2479 510 2532 est
532 2471 685 2551 popularis
708 2489 793 2531 meus
817 2479 847 2532 et
874 2471 978 2532 didicit
1001 2471 1079 2550 apud
1103 2491 1154 2535 me

135 2556 266 2644 Lipsiae,
296 2577 383 2619 carus
408 2562 496 2620 etiam
525 2567 571 2620 est
593 2559 763 2638 Scheppero
792 2579 872 2642 meo,
901 2562 1009 2634 eximio
1037 2562 1154 2623 mathe-

135 2647 252 2727 matico,
276 2666 365 2725 quem
388 2647 517 2709 arbitror
539 2655 569 2709 te
588 2650 706 2708 novisse
730 2667 766 2708 ex
790 2649 998 2729 frequentibus
1020 2652 1098 2711 meis
1122 2659 1154 2712 et

57 2741 61 2748 '
134 2735 229 2796 loach.
254 2736 451 2816 sermonibus,
473 2736 662 2798 facultatibus
685 2745 784 2798 autem
802 2739 998 2820 tenuioribus,
1022 2739 1075 2799 sed
1094 2740 1152 2801 hoc

134 2818 225 2886 etibm
253 2844 346 2903 genus
374 2826 460 2886 nobis
488 2844 548 2885 non
576 2834 623 2886 est
649 2825 866 2905 negligendum.
919 2828 1023 2889 Serius
1050 2836 1152 2890 tamen

134 2914 280 2975 adductus
304 2914 338 2974 ad
363 2922 479 2975 nostras
508 2922 587 2974 artes
618 2915 715 2975 studio
744 2924 774 2975 et
801 2915 970 2994 diligentiae
994 2936 1055 2978 non
1082 2937 1151 2998 par-

134 3005 188 3083 cit,
212 3006 238 3063 si
261 3004 336 3064 sorte
365 3021 557 3082 compensare
584 3003 632 3064 his
654 3011 769 3084 posset,
798 3004 876 3083 quod
904 3013 950 3073 est
973 3006 1149 3085 neglectum.

134 3091 255 3172 Nescio,
288 3092 358 3171 quid
390 3092 446 3152 tibi
477 3092 625 3173 videatur,
653 3111 707 3170 ego
735 3093 792 3153 hoc
820 3112 913 3171 genus
941 3094 1036 3173 pluris
1065 3096 1152 3178 facio,

134 3179 213 3257 quod
227 3179 359 3240 laborem
383 3189 412 3240 et
436 3181 566 3242 studium
589 3188 703 3242 tanturn
722 3181 820 3263 habet,
844 3201 901 3261 quo
920 3186 1035 3265 nititur,
1060 3205 1149 3264 quam

81 3328 83 3331 ,
134 3267 206 3327 illud
227 3267 352 3328 alterum
375 3272 563 3348 ingeniosum
587 3279 616 3331 et
634 3289 744 3331 socors.
776 3270 847 3330 Peto
872 3273 962 3350 igitur
986 3281 1049 3333 ate
1070 3294 1149 3336 sum-

134 3358 281 3437 missime,
308 3359 350 3415 mi
378 3358 585 3420 colendissimo
613 3367 800 3441 praeceptor,
831 3368 864 3420 ut
891 3361 970 3419 hunc
999 3363 1134 3424 consideo

133 3453 194 3506 tem
222 3463 269 3506 me
297 3451 451 3526 tantopere
480 3451 569 3509 etiarn
599 3451 658 3509 mei
680 3449 802 3509 honoris
830 3468 918 3509 causa
947 3467 1045 3510 amare
1076 3453 1134 3513 veli

135 3543 165 3596 et
195 3534 345 3596 declarare
370 3537 499 3597 studium
533 3557 601 3618 erga
631 3537 790 3618 populares
813 3556 895 3598 meos
919 3545 1017 3616 tuum,
1041 3542 1133 3617 quibu
