2400 3966
142 242 207 307 134
460 244 494 299 Η.
514 243 687 314 Thederingi
704 242 842 314 epistolae

139 395 173 454 in
186 391 284 454 Germ.
304 391 377 453 illud
396 394 580 473 ingeminare
594 395 723 473 possint:
737 392 818 454 nulla
832 392 913 453 salus
926 390 1014 452 bello.
1050 391 1156 453 Unitae

140 483 311 562 provinciae
338 481 432 561 Belgii
459 480 589 543 indutias
617 483 729 563 aliquot
756 499 902 542 annorum
930 499 998 542 cum
1025 480 1157 561 Hispano

139 573 268 632 initurae
295 571 449 652 dicuntur5
477 590 536 651 quo
560 579 681 653 eventu,
704 573 786 650 ipsae
808 570 951 651 viderint,
980 589 1056 650 qnae
1079 569 1157 631 bello

141 667 277 721 cessante
301 659 337 720 ad
359 662 491 721 internas
511 660 714 721 dissensiones
734 667 764 721 et
782 660 944 721 seditiones
962 660 1157 739 propendent.

141 748 270 809 Tantum
284 749 339 809 hac
353 751 417 832 vice
432 748 531 831 debui,
550 749 639 832 volui,
652 751 834 828 remigrante
848 749 884 809 ad
893 767 969 836 „suos
979 747 1033 809 Dn.
1042 747 1157 809 Frider.

139 831 361 918 Endoriero⁵²⁹‚
388 838 466 899 Patr.
485 839 606 918 August.
653 839 698 899 Tu
723 841 755 899 in
778 837 892 900 similes
916 840 1089 899 occasiones
1112 840 1157 898 in·

140 932 241 987 tentus
265 926 414 987 desiderio
437 945 504 988 meo
528 926 655 989 subinde
678 928 850 989 satisfacere
872 929 1059 1009 memineriS,
1084 945 1157 1007 quas

137 1015 218 1094 'apud
251 1014 454 1098 Cleweinium‚
476 1016 571 1096 Magn.
594 1015 718 1077 Dilhern
750 1017 859 1077 aliosve
891 1023 1074 1077 mercatores
1102 1015 1158 1076 tihi

138 1110 225 1165 notos
252 1103 408 1184 explorare
435 1107 557 1185 poteris.
603 1105 635 1166 B.
654 1104 685 1166 V.
710 1124 778 1167 cum
805 1123 899 1166 uxore
926 1112 957 1165 et
984 1104 1101 1187 liberis,
1130 1107 1157 1165 si

96 1236 99 1244 .
138 1210 214 1272 quos
246 1193 346 1254 hahes.
397 1193 529 1255 Salutem
562 1213 598 1254 ex
629 1213 678 1255 me
706 1195 955 1256 officiosissimam
983 1193 1157 1255 doctoribus

139 1288 169 1342 ct
202 1283 306 1343 amicis
338 1285 414 1343 meis
441 1282 593 1344 Altortinis
620 1302 655 1345 ac
679 1282 950 1364 Norihergensibns
978 1275 1098 1367 (ubiubi
1126 1285 1157 1344 in
1194 1309 1198 1353 r

138 1387 191 1431 eos
214 1365 371 1456 incideris)
391 1362 507 1433 'nuntia

183 1493 256 1563 oab.
277 1494 456 1578 Dantisci,
480 1495 507 1557 d.
526 1493 556 1558 4.
571 1466 683 1558 Maria.
705 1492 799 1559 1633.

258 1619 340 1680 Tuus
363 1638 400 1681 ex
423 1620 481 1697 fide
505 1623 627 1701 antiqua
649 1620 871 1682 Hermannus
894 1620 1111 1701 Tohdering.
1196 1623 1198 1635 '
