2400 3966
492 204 632 276 epistolae
1030 206 1073 272 69

65 359 193 439 lpellaeis
234 355 384 419 Pluribus
404 355 485 416 istud
505 354 658 436 ambirem,
680 357 739 415 nisi
758 373 793 416 eo
812 363 899 435 pacto
917 375 1073 435 peccarem

66 450 179 529 bspem
202 464 312 508 meam
336 452 368 505 et
390 463 490 506 mores
520 451 635 505 vestros
659 443 775 505 diffisus
802 452 918 505 vestrae
946 445 1016 505 lidei
1044 454 1074 507 ct

64 535 287 616 benevolentiae,
316 541 460 613 tanquam
482 532 555 594 illud
578 541 704 612 negetur
726 534 813 615 mihi,
841 533 919 612 quod
947 536 1006 593 iam
1029 541 1074 596 tot

64 626 173 689 nuilus
191 626 333 687 libentes
353 623 486 683 dedistis.
516 622 644 683 Tantum
663 623 758 683 adhuc
771 629 870 701 petam
885 625 974 683 etiam
988 622 1073 683 vobis

65 718 156 778 ocium
190 715 350 776 adscitum
381 712 480 773 velitis
511 711 558 772 vel
584 718 707 791 propter
730 711 882 773 Charitum
914 731 1074 773 numerum

64 804 319 866 llumternarium
327 801 584 880 Dnvirduugum.
607 800 645 862 Et
658 800 731 861 haec
745 801 899 861 hactenus.
925 801 1073 862 Petieram
1153 809 1155 814 “

64 896 115 955 ilem
135 895 272 975 nuperis
301 893 377 952 meis
405 909 422 950 a
448 889 533 950 vobis
556 889 775 970 Epigrammata
803 891 835 950 in
858 890 1073 970 Inscriptiones

63 992 170 1065 muas,
194 981 255 1043 sed
275 979 357 1040 olim.
388 979 444 1040 Vix
462 981 551 1060 enim,
574 985 607 1039 ut
630 981 728 1039 omnia
751 979 845 1039 fluant
868 998 904 1039 ex
923 987 1000 1061 voto,
1024 980 1074 1041 ab·

63 1072 199 1134 solventur
223 1073 311 1131 intra
333 1086 451 1130 annum.
488 1068 585 1139 Quare
608 1069 806 1128 memineritis
831 1087 941 1147 quaeso
964 1069 1074 1130 librum

63 1160 128 1222 llum
153 1162 315 1222 honorare
346 1160 455 1218 vestris
487 1157 643 1236 aliquando
671 1156 836 1238 EncomiiS,
870 1161 922 1237 qui
945 1161 988 1219 sic
1015 1158 1075 1240 illc,

62 1252 134 1311 inmo
158 1253 258 1311 etiam
282 1265 368 1308 meus
390 1246 483 1326 labor,
505 1265 571 1307 mea
594 1245 740 1306 industria
763 1253 926 1308 merentur.

92 1357 226 1439 Raptim,
249 1355 298 1415 uti
321 1353 417 1435 soleo,
443 1351 719 1434 Heidelbergae,
748 1353 795 1413 die
820 1350 872 1415 18.
891 1354 958 1432 Apr.
980 1349 1074 1414 1601.

113 1500 148 1560 Si
167 1497 248 1579 quid
268 1496 344 1556 mibi
362 1495 482 1555 interim
500 1497 680 1574 rescriptum
698 1494 804 1577 velitis,
826 1494 938 1555 bonum
956 1497 1075 1578 lactum,

60 1591 79 1647 si
92 1587 198 1650 literas
219 1592 339 1646 vestras
356 1586 583 1644 transmiseritis
601 1583 836 1665 Norimbergam,
859 1587 903 1644 uti
920 1584 1075 1646 tradantur

58 1680 152 1739 nuntio
180 1674 399 1755 Ambergensi3
431 1675 458 1733 si
484 1675 634 1733 neminem
661 1673 776 1733 habetis
808 1675 968 1756 potiorem,
1001 1679 1075 1736 eatis

58 1784 116 1828 saue
141 1766 181 1827 ad
207 1764 267 1824 Du.
290 1761 476 1823 Praetorium
500 1762 655 1842 syndicum
678 1761 804 1843 ibidem,
832 1764 880 1822 oui
903 1763 958 1824 hac
981 1763 1017 1824 de
1042 1783 1074 1824 re

57 1857 166 1937 scripsi,
190 1859 330 1913 veterem
354 1850 468 1912 scilicet
491 1853 627 1912 amicum.

112 1962 229 2022 Vester
251 1959 336 2018 omni
358 1956 416 2017 flde
440 1964 527 2036 atque
552 1958 695 2036 obsequio
718 1957 824 2018 lanus
848 1957 1031 2021 Gruterus.

88 2221 140 2291 53.
174 2219 304 2307 Trigac
327 2218 505 2287 amicorum
528 2218 763 2287 selectissimae
787 2220 878 2288 linis.
903 2220 1034 2306 (lentili,

124 2308 368 2393 Bittershnsio,
392 2307 554 2391 Piooarto,
577 2308 668 2376 linis.
693 2309 791 2394 atque
815 2309 929 2377 amicis
951 2308 998 2396 pl.

453 2396 679 2466 observantiis.

55 2485 326 2554 Heidelbergae.
848 2490 888 2539 16.
907 2482 978 2538 Maii
997 2489 1075 2540 1601.

118 2581 242 2644 Salvete
266 2579 437 2662 plurimum,
459 2578 525 2640 Dni.
550 2586 637 2658 atque
662 2581 749 2639 amici
772 2598 832 2639 non
851 2599 867 2639 e
887 2579 997 2663 multis,
1019 2582 1077 2644 hoc

56 2680 113 2753 est,
139 2670 309 2750 rarissimi,
336 2675 424 2747 atque
456 2670 615 2750 ignoscite,
648 2669 727 2747 quod
760 2677 821 2729 tres
853 2689 913 2731 una
945 2670 1078 2751 alloquar

10 2798 12 2813 .
56 2760 183 2840 epistola
212 2764 245 2819 et
268 2774 303 2818 ea
326 2757 446 2836 quidem
475 2755 633 2818 brevicula.
679 2757 782 2818 Adhuc
805 2761 885 2818 enim
908 2766 989 2821 totus
1013 2781 1077 2822 era·

57 2848 141 2928 pulae
176 2854 270 2927 atque
302 2847 468 2907 insomniae
504 2849 553 2907 vix
589 2847 645 2908 hoc
677 2865 813 2928 possum,
850 2848 928 2926 quod
960 2849 1076 2930 videtis,

57 2941 161 3018 utique
181 2933 339 2997 tabellario
358 2933 504 2996 abnuente
523 2938 636 2995 morari
653 2935 743 2996 horae
763 2936 966 3015 quadrantem.
998 2935 1076 3015 Ergo

58 3035 89 3087 ut
109 3024 207 3088 verbo
231 3023 342 3105 dicam,
374 3023 412 3103 pl.
435 3042 487 3085 vos
511 3043 590 3105 amo,
622 3024 783 3104 plurimum
810 3024 893 3084 vobis
921 3024 1014 3085 debeo
1039 3025 1077 3086 ob

58 3134 178 3197 versus,
211 3131 289 3192 quos
316 3112 462 3174 habuistis
490 3113 596 3173 honori
623 3121 726 3174 nostro
754 3113 888 3192 nuptiali,
917 3131 1078 3196 voveoque,

58 3207 101 3265 uti
127 3203 251 3266 duobus
279 3220 295 3262 e
322 3201 406 3262 robis
433 3220 503 3263 mox
531 3203 626 3263 simile
654 3202 741 3263 liceat
773 3202 913 3263 exhibere
947 3203 1077 3264 osticium

60 3292 235 3355 coelibibus.
272 3289 341 3351 'libi
359 3297 466 3373 autem,
485 3291 556 3352 une.
575 3291 765 3372 Rittershusi‚
783 3310 935 3370 nunquam
953 3293 1077 3354 habeam

59 3399 183 3444 necesse
207 3379 267 3442 tale
290 3379 363 3460 quid
382 3381 499 3461 ollerre,
522 3381 615 3441 multo
636 3382 735 3440 minus
755 3383 818 3460 ipse
838 3390 940 3461 petere
960 3383 1077 3444 debeas.

60 3469 169 3534 Versus
183 3470 230 3532 illi
247 3471 342 3530 vestri
360 3470 426 3547 ipso
445 3488 553 3530 venere
572 3472 743 3548 nuptiarum
763 3469 810 3530 dic
830 3471 896 3531 aliis
915 3474 974 3533 iam
992 3488 1076 3551 prae-

60 3564 169 3640 paratis
192 3559 231 3621 ad
254 3556 391 3639 praelum
419 3565 448 3618 et
476 3557 532 3618 alio
561 3557 664 3618 ordine
693 3558 852 3641 adaptatis,
884 3579 974 3639 quem
997 3557 1078 3618 ilicet
