2400 3966
93 219 97 226 ²
139 195 183 262 78
575 197 596 254 Ι.
616 196 729 255 Gruteri

140 354 236 428 notas,
259 349 364 407 iterato
388 348 453 427 tibi,
475 349 518 407 mi
535 346 616 428 line,
639 355 669 408 et
687 346 820 407 Pieearto
844 350 1007 408 tramittam
1031 366 1086 427 per
1108 365 1196 429 ocem

140 438 299 497 casionem.
345 436 468 497 Interim
495 436 657 516 plurimum
684 443 713 496 te
741 454 807 496 amo
834 444 864 497 et
887 437 1062 518 amplector,
1089 435 1196 520 plusw

139 542 210 586 vero
233 524 328 586 debeo
353 525 390 586 ob
412 524 645 605 prolixissimam
663 525 744 585 illam
762 532 844 586 tuam
862 527 1076 607 invitationem,
1099 544 1196 612 quagm

140 616 172 674 in
204 621 234 675 te
267 614 401 675 derivare
434 616 519 694 cupis
547 614 734 675 collationem
761 633 816 674 ms.
844 615 967 676 Liviani
1014 615 1047 675 Si
1074 613 1196 703 lubetggz

139 703 204 785 tibi,
226 721 281 783 per
304 722 351 763 me
375 721 446 764 sane
469 703 548 764 licet.
585 703 678 782 Perge
702 708 817 764 tantum
840 704 944 764 faustis
966 704 1079 785 avibus,
1103 702 1196 794 sederi

140 795 208 853 eum
233 792 360 852 deerunt
381 794 506 873 potiora,
530 811 605 872 quae
629 811 706 871 agas.
752 792 826 853 Nam
850 798 883 853 ut
906 795 1040 872 graviora
1063 795 1196 887 intem-gp

139 883 249 961 mittas,
272 883 347 940 tenti
370 899 431 942 non
454 888 532 961 sunt,
555 899 615 942 non
637 888 725 942 erunt
742 889 829 942 notae
849 900 942 962 meae,
964 884 1068 961 utique
1087 896 1192 973 eumpp

138 971 197 1029 iem
235 976 334 1030 textus
371 968 547 1050 interpolari
579 970 706 1050 amplius
737 978 879 1052 nequeat,
915 972 967 1049 qui
999 971 1196 1062 excuditur&

139 1059 227 1118 modo
250 1059 360 1138 praelis
384 1058 507 1120 duobus.
553 1058 622 1145 Vale
646 1067 676 1120 et
699 1059 788 1140 salve,
812 1060 934 1120 delicies
956 1078 1039 1120 mera
1058 1059 1155 1121 Musa·
1170 1089 1196 1156 pm

138 1166 214 1229 rum,
238 1166 320 1208 mera
343 1167 414 1209 eura
437 1148 614 1209 Themistos.
1172 1203 1195 1263 p!

182 1253 458 1336 Heidelbergae‚
482 1254 529 1315 die
552 1253 587 1315 X.
610 1253 680 1314 Maii
705 1251 800 1317 1607.
1176 1288 1196 1337 g

419 1362 501 1422 Tuus
525 1363 607 1422 omni
630 1360 772 1440 obsequio
796 1361 901 1422 lanus
925 1360 1109 1422 Gruterus,
1177 1378 1196 1426 'o

1177 1466 1194 1513 b

1182 1556 1191 1600 r

1187 1648 1196 1692 e

407 1619 459 1688 60.
482 1624 508 1690 Ι.
532 1622 691 1691 Gruterus
715 1622 750 1692 (i.
772 1622 884 1693 Remo.

138 1725 423 1797 (Heidelbergee).
848 1765 851 1770 -
937 1733 961 1783 8.
980 1725 1054 1781 Iunii
1073 1734 1151 1784 1601.
1188 1724 1196 1782 l

203 1838 304 1899 Nobili
322 1839 564 1920 amplissimoque
583 1843 657 1922 viro,
675 1840 748 1901 llno.
768 1840 897 1920 Georgia
916 1840 1018 1921 Remo,
1037 1840 1103 1902 LV.
1118 1840 1151 1902 ll.
1188 1825 1193 1866 ⁴·

138 1935 167 1989 et
200 1927 370 1989 consiliario
402 1928 511 1989 Norico
544 1936 574 1990 et
605 1928 677 1991 lino.
704 1930 744 2010 pl.
773 1929 835 1990 obs.
863 1928 1084 2008 Norimbergae.
1108 1962 1151 1972 -
1191 1930 1196 1955 '·

140 2019 245 2079 Preces
269 2017 320 2077 23.
345 2019 431 2079 Iunii
452 2018 553 2082 1607.

204 2125 233 2185 S.
257 2124 287 2185 P.
325 2124 367 2185 lta
399 2130 459 2206 est,
491 2127 537 2185 vir
568 2125 762 2186 nobilissime.
808 2124 899 2187 Recte
929 2125 1003 2185 mibi
1029 2123 1154 2185 tradidit

136 2213 238 2275 literas
261 2221 328 2275 tuas
353 2212 406 2275 lln.
430 2214 587 2295 Freherus‚
612 2214 720 2294 quibus
743 2217 922 2275 memineras
946 2213 1057 2275 codicis
1079 2212 1152 2274 Hul-

136 2305 213 2363 siani
250 2306 354 2383 eisque
392 2305 481 2364 etiam
518 2306 617 2364 statim
654 2302 796 2382 respondi
831 2309 1011 2383 procurante
1046 2302 1151 2362 eodem

135 2391 274 2453 Frehero.
312 2393 370 2454 Sed
394 2400 426 2453 et
447 2395 641 2453 memineram
659 2397 814 2471 praeterea
831 2392 921 2453 buius
940 2394 986 2452 rei
1004 2393 1036 2451 in
1054 2390 1151 2452 literis

136 2484 211 2541 meis
249 2481 354 2542 eodem
385 2500 479 2560 paene
512 2481 560 2542 die
593 2481 629 2541 ad
661 2480 713 2541 Dn.
746 2479 981 2542 Rittershusium
1013 2482 1152 2560 exaratis,

135 2588 209 2647 quas
232 2577 409 2649 recepturus
428 2577 492 2631 erat
509 2569 654 2649 Amberga
672 2572 815 2631 tramissu
833 2568 914 2630 lloct.
933 2569 994 2630 lob.
1013 2562 1153 2629 Uniei³⁷⁹

39 2667 42 2674 ‘
134 2657 332 2718 lllustrissimi
364 2662 460 2719 nostri
487 2658 599 2720 ibidem
627 2659 799 2719 consiliarii.
845 2658 931 2719 Nunc
958 2666 992 2719 ut
1018 2676 1068 2718 res
1094 2665 1151 2738 est,

134 2747 220 2807 video
244 2752 386 2826 utrasque
409 2750 545 2829 periisse,
569 2749 647 2827 quod
667 2766 756 2826 aegre
773 2748 847 2808 mihi
865 2755 919 2808 est.
956 2747 1051 2808 Pudet
1069 2748 1151 2806 enim

134 2842 177 2917 te,
204 2837 247 2896 mi
274 2835 359 2917 line,
386 2836 606 2915 diligentiorem
637 2855 703 2898 esse
731 2843 761 2897 et
788 2839 1004 2916 promptiorem
1030 2838 1150 2896 muneri

133 2928 261 2986 maximo
295 2925 447 2986 offerendo
481 2927 722 3006 oggerendoque‚
759 2944 848 3004 quam
880 2944 935 3004 ego
967 2923 1149 3003 recipiendo.

133 3015 170 3074 Et
198 3032 268 3074 vero
296 3033 345 3075 res
374 3032 406 3074 se
435 3016 478 3074 sic
500 3013 596 3075 habet.
643 3015 704 3075 lam
727 3022 774 3074 est
797 3014 853 3075 sub
876 3014 977 3094 praelo
1000 3007 1149 3073 Livius³³⁰

133 3106 164 3162 in
189 3104 222 3164 [⁰
245 3103 331 3164 litera
356 3103 461 3182 grandi
479 3110 566 3182 atque
586 3103 722 3184 eleganti,
745 3103 885 3164 editionis
904 3103 1067 3184 Modianae,
1089 3104 1150 3162 nisi

133 3192 211 3269 quod
235 3192 386 3253 nonnullis
409 3191 483 3253 locis
506 3210 571 3252 eam
594 3192 750 3253 meliorem
773 3192 896 3253 fecerim
920 3211 956 3252 ex
981 3191 1151 3273 Sigoniana,

132 3279 184 3339 ubi
212 3280 262 3341 illa
290 3280 494 3342 consentiebat
522 3289 572 3342 aut
596 3301 663 3341 cum
686 3281 754 3342 blss.
778 3284 889 3343 nostris
913 3280 982 3342 Poll.
1007 3288 1058 3341 aut
1081 3299 1150 3341 cum

131 3369 254 3429 ratione.
291 3368 455 3430 Distinctus
479 3378 577 3431 autem
600 3377 646 3430 est
664 3389 719 3450 per
737 3373 832 3449 capita
853 3364 930 3454 (sive
948 3369 1151 3451 paragraphos

131 3474 237 3516 vocare
270 3452 371 3541 malis)
404 3462 537 3537 margine
566 3461 722 3540 interiore,
754 3467 788 3519 ut
815 3460 925 3521 factum
953 3466 1000 3520 est
1028 3458 1151 3538 quidem

132 3553 283 3625 uteunque
312 3548 343 3606 in
372 3546 510 3607 Sallustio
519 3543 558 3581 ⁵⁸¹
587 3555 616 3608 et
638 3542 795 3629 Tacito³⁸²,
823 3549 876 3609 sed
903 3549 998 3627 magis
1022 3559 1058 3608 ex
1081 3540 1151 3608 voto
