2400 3966
485 186 638 258 epistolae
1031 189 1075 256 27

39 344 223 417 conquestus
250 338 385 419 fueram,
409 344 442 397 et
465 338 589 398 summis
611 340 671 398 tuis
696 338 938 417 occupationibus
962 359 1011 400 res
1030 341 1073 401 di-

32 425 175 499 ‚btionem
201 429 319 488 nescio
344 445 405 506 quo
429 427 488 487 fato
512 427 616 487 sortita
640 433 717 507 erat,
739 426 954 506 profectionem
977 448 1074 490 meam

10 542 12 603 j
35 515 133 578 dubito
160 534 258 597 sane,
283 534 325 576 an
342 513 526 576 turbulentis
549 515 763 594 litigationibus
786 516 933 595 implicari
956 517 1073 578 consul·

35 614 90 667 tum
122 606 240 667 fuerit.
301 604 449 665 Iniuriam
476 611 557 665 certe
589 604 639 665 ille
672 604 742 665 facit
774 623 841 665 cum
873 605 1011 667 manibus
1044 614 1074 667 et

35 689 229 775 tropacii²⁰⁶
251 700 286 754 et
300 687 502 772 Crucigeri¹⁰⁷
519 700 583 754 tum
601 693 675 754 mihi
688 695 808 775 viventi,
827 713 915 773 quam
934 695 1073 774 equidem

34 784 169 864 profecto
197 782 337 844 inultam
360 800 422 843 non
439 784 544 863 sinam,
565 801 626 844 non
648 784 753 864 patiar,
776 801 835 844 non
854 784 955 869 feram.
988 784 1072 856 Quod

35 876 60 934 si
74 881 143 934 tute
161 873 219 933 vel
240 890 280 933 ea
300 874 485 953 auctoritate,
509 890 567 950 qua
584 870 679 951 polles
697 890 731 932 ac
750 879 831 933 certe
845 872 957 953 pollere
972 873 1072 955 debeo,

36 981 97 1023 rom
110 963 351 1041 composueris,
371 960 416 1020 vel
434 960 575 1022 interfatu
592 960 719 1039 hospitis
737 963 796 1022 mei
810 957 1073 1045 Rauenbuschi¹⁰⁸,

35 1069 124 1130 quern
138 1058 259 1112 tamen
277 1048 329 1110 ille
349 1067 408 1110 non
427 1050 535 1130 audiet,
552 1052 702 1110 mitiorem
720 1050 896 1132 reddideris,
915 1059 969 1132 est,
992 1053 1071 1130 quod

36 1143 203 1220 utriusque
230 1157 343 1218 operae
367 1145 455 1217 atque
474 1137 609 1199 felicitati
628 1144 782 1218 acceptum
801 1139 904 1200 feram.
933 1140 1071 1220 Alioquin

37 1223 124 1312 (quid
146 1232 240 1290 enim
260 1227 455 1308 dissimulem,
477 1230 654 1306 praesertim
673 1227 750 1306 apud
769 1222 836 1310 tef)
860 1227 1011 1290 hominem
1030 1233 1070 1290 ita

37 1319 193 1399 tractabo,
222 1323 262 1378 ut
283 1318 410 1378 meritus
437 1323 484 1377 est
506 1323 593 1396 atque
622 1316 666 1377 illi
687 1324 864 1395 perpetuam
891 1319 991 1396 ignom
1003 1321 1070 1378 niae

38 1409 252 1486 infamiaeque
285 1413 386 1466 notam
417 1405 453 1466 ad
485 1412 621 1485 posteros
654 1408 784 1485 inuram,
815 1408 929 1484 pariter
960 1409 1071 1467 amicos
1175 1474 1178 1478 ,

39 1497 205 1559 defunctos
237 1502 269 1556 et
298 1512 345 1555 me
373 1497 471 1574 ipsum
498 1495 711 1555 vindicaturus.
757 1493 816 1575 En,
843 1494 945 1556 oculos
968 1494 1069 1575 tango!

43 1586 262 1667 Tantopereue
287 1581 403 1645 saevis?
426 1586 535 1663 inquis.
566 1583 659 1644 Immo
678 1602 738 1645 nou
757 1585 864 1645 saevio.
898 1584 983 1656 Quod
1001 1605 1070 1666 pro-

43 1678 120 1756 misi,
145 1682 180 1735 et
204 1673 327 1734 solvam.
373 1671 416 1733 lta
439 1680 498 1734 stat
516 1675 671 1734 sententia.
716 1672 844 1733 Promisi
873 1682 971 1737 autem
993 1675 1069 1737 ulto-

46 1783 122 1845 rem,
152 1764 218 1825 nisi
243 1761 294 1822 ille
317 1761 491 1841 satisfaciat,
517 1780 614 1840 noque
642 1781 689 1823 me
719 1764 878 1841 quisquam
899 1765 1071 1845 prohibebit

48 1852 239 1932 mortalium,
262 1852 422 1930 quominus
445 1850 498 1911 tali
520 1850 604 1911 illum
628 1859 755 1913 mactem
778 1852 949 1914 infortunio.
996 1853 1069 1914 Rem

48 1937 304 2021 indignissimam!
335 1938 463 2000 Litteras
486 1938 683 2018 Reysltiorum
705 1941 741 2000 ad
765 1960 812 2001 me
835 1960 976 2021 measque
999 1962 1069 2005 con-

53 2033 239 2110 signationes
262 2030 378 2089 ratione
402 2027 492 2088 debili
515 2027 702 2108 appellarunt
724 2029 934 2092 ANITERGIA.
980 2031 1068 2093 lntel-

10 2162 12 2195 ,
52 2119 113 2198 ligis
131 2119 345 2180 foedissimum
363 2117 546 2197 vocabulum,
566 2119 713 2197 quomodo
732 2121 764 2179 in
778 2117 878 2197 lingua
893 2118 1067 2182 Germanica

10 2206 12 2211 ’
54 2217 142 2270 sonet
189 2207 289 2268 Pudet
310 2224 358 2267 me
382 2205 419 2266 de
441 2206 489 2267 his
511 2206 603 2267 rebus
627 2207 772 2288 scribere3
801 2207 853 2267 sed
877 2208 1012 2287 efficiam,
1036 2217 1069 2269 ut

54 2296 133 2359 illum
155 2298 254 2376 magis
277 2313 348 2357 suae
371 2295 483 2356 fraudis
506 2303 595 2375 atque
618 2296 802 2377 technarum,
826 2298 852 2356 si
875 2297 962 2356 modo
981 2301 1068 2379 vivet,

57 2387 174 2468 pudeat,
207 2387 321 2466 pigeat,
353 2387 510 2462 paeniteat.
556 2384 713 2446 Hominem
746 2384 782 2445 ad
815 2391 844 2445 te
873 2388 984 2446 arcessi
1016 2387 1068 2448 ubi

57 2477 185 2556 iusseris,
209 2473 284 2535 nihil
305 2479 425 2553 praeter
447 2490 541 2551 nugas
560 2473 673 2534 adferet
691 2481 721 2534 et
740 2473 900 2535 involucra.
938 2475 996 2535 Sed
1015 2475 1068 2537 ubi
1168 2526 1173 2536 .

59 2565 151 2642 ipsum
173 2565 317 2624 attentius
345 2564 471 2622 intuitus
494 2562 601 2643 fueris,
628 2561 861 2624 malitiosissima
888 2567 1068 2643 peruersitas

58 2669 87 2712 cr
111 2652 209 2714 oculis
232 2651 313 2713 illius
336 2649 496 2730 effulgebit.
541 2651 636 2730 Atque
660 2650 697 2711 de
720 2651 767 2711 his
790 2651 940 2714 hactenus
969 2668 971 2672 ·

10 2748 12 2793 ἶ
115 2742 195 2804 Dum
217 2742 290 2802 hacc
313 2740 421 2820 scribo,
444 2741 476 2799 in
498 2747 629 2800 mentem
652 2739 726 2800 mihi
748 2743 830 2801 venit
852 2744 926 2822 eius,
950 2747 1001 2822 qui
1020 2764 1066 2806 me

59 2829 209 2910 aquuando
226 2828 303 2910 apud
317 2835 347 2889 te
362 2847 422 2888 nou
435 2829 523 2889 modo
539 2831 696 2909 accusavit,
716 2829 768 2889 sed
787 2831 945 2911 immerito,
965 2851 1068 2894 verum

59 2922 140 2981 etiam
163 2919 361 2981 calumniatus
385 2924 438 2999 est,
462 2917 514 2978 sed
537 2920 723 2999 veteratorie,
747 2937 835 2998 quam
859 2921 979 2998 quidem
1003 2940 1065 2982 rem

59 3011 136 3086 quasi
159 3011 303 3088 sopitam,
329 3013 364 3066 ut
386 3006 436 3067 ille
456 3008 619 3087 existimat,
642 3009 701 3068 iam
724 3011 853 3068 excitare
878 3008 1067 3087 supersedeo.

58 3094 145 3159 Huius
177 3099 259 3158 enim
289 3095 349 3156 loci
379 3113 440 3156 non
472 3103 525 3156 est.
575 3095 702 3157 Tantum
729 3097 798 3157 audi
825 3096 949 3157 obsecro
970 3100 1068 3179 mira-

58 3185 159 3247 culum.
205 3185 285 3247 lnter
317 3182 556 3245 calumniandum
583 3185 657 3245 mihi
684 3186 942 3246 vehementissime
965 3189 1068 3252 tinniit

58 3277 132 3336 auris
156 3277 290 3355 sinistra,
312 3275 354 3333 ita
376 3281 410 3333 ut
431 3272 518 3353 plane
542 3272 785 3354 obstupefierem,
813 3280 902 3353 atque
925 3276 997 3338 dum
1020 3299 1066 3342 re-

59 3366 160 3445 spicio,
191 3381 261 3424 ecce
293 3361 419 3423 annulus
451 3380 550 3444 meus,
583 3365 634 3441 qui
662 3371 708 3423 est
740 3381 776 3423 ex
804 3382 875 3424 auro
905 3370 1065 3444 purissimo

59 3451 301 3532 solidissimoque,
320 3450 487 3530 insignibus
505 3444 626 3512 meis¹⁰⁹
645 3452 854 3533 circumdatus
873 3455 905 3513 in
923 3454 1066 3534 pallorem

58 3538 241 3620 alboremque
265 3542 380 3618 argenti
402 3539 592 3619 degeneravit
611 3557 707 3618 neque
727 3540 857 3602 maculas
871 3541 937 3602 illas
956 3548 1064 3626 amisit,
