2422 3944
539 195 677 266 epistolae

313 393 364 464 ss.
396 396 422 463 l.
442 394 606 464 Gruterus
630 395 684 463 eh.
703 395 902 465 lloclliohio.

96 519 364 588 Heidelbergae.
416 562 419 569 .
873 526 914 576 15.
934 519 1014 575 Febr.
1037 527 1115 576 1616.

166 616 222 676 Cl⁰.
235 617 549 694 praestantissimoque
564 616 628 673 viro
637 613 709 674 Duo.
723 614 935 694 Christophoro
945 615 1115 677 Hoellichio

97 705 119 766 1.
139 704 169 766 C.
194 713 281 783 atque
305 704 426 783 syndico
449 702 533 763 urbis
556 705 669 782 patriae
694 711 749 764 etc.
773 703 993 783 Norimbergae.

166 795 195 855 S.
227 792 347 854 Lubens
371 791 504 853 intellexi
526 794 645 869 nuptias
673 800 739 853 tuas
766 799 828 853 tam
856 794 982 855 feliciter
1010 795 1115 856 decur-
1180 833 1183 839 ·

98 886 175 944 risse
209 902 225 943 a
257 881 428 943 carceribus
461 881 497 941 ad
530 888 646 941 metam.
693 881 835 943 Fructum
868 902 970 944 earum
999 891 1033 945 ut
1061 903 1115 944 suo

97 981 232 1051 tempore
255 973 390 1051 gustetis,
412 989 520 1049 precor
540 970 634 1031 Deum
653 978 712 1049 opt.
731 989 807 1032 max.
826 971 936 1052 diuque
960 975 1115 1034 unanimes
1143 982 1149 992 ⁴

97 1064 211 1122 vivatis
257 1061 322 1133 Qruo
349 1067 416 1120 voto
449 1058 621 1138 complexus
654 1078 720 1119 sum
754 1063 865 1142 omnia,
899 1080 972 1141 quae
1006 1063 1115 1124 faciant

97 1152 250 1211 hominem
274 1157 449 1228 serventque
473 1148 601 1209 beatum.
643 1148 767 1210 Gavisus
792 1169 867 1231 sum,
890 1158 924 1211 ut
947 1151 1004 1230 legi
1026 1154 1114 1212 etiam

97 1242 174 1300 lesto
198 1239 242 1299 illi
264 1247 315 1299 tuo
338 1238 510 1298 interfuisse
534 1236 587 1297 Dn.
611 1237 791 1319 Piccartum3
820 1240 1005 1300 inaudieram
1033 1244 1114 1301 enim
1201 1260 1206 1270 ·

97 1329 209 1408 aliquid
233 1328 270 1388 de
293 1330 358 1388 eius
377 1327 544 1387 valetudine
565 1328 664 1387 minus
683 1326 759 1387 bella
778 1329 904 1408 ideoque
923 1329 1114 1390 vehementer

97 1438 180 1480 eram
208 1417 367 1496 sollicitus,
399 1423 501 1495 utpote
530 1434 618 1494 quem
647 1415 776 1476 arbitror
803 1418 956 1479 doctorum
981 1421 1113 1480 omnium

96 1507 219 1568 calculis
252 1505 492 1567 substituendum
526 1507 557 1564 in
593 1504 691 1565 locum
728 1506 876 1566 demortui
907 1505 1114 1568 Rittershusii:

96 1598 170 1657 adeo
203 1602 233 1656 et
264 1595 374 1655 iudicio
408 1602 453 1654 est
485 1593 629 1672 singulari
661 1601 691 1653 et
723 1597 842 1673 ingenio
871 1598 969 1656 unico.
1014 1597 1051 1657 Ei
1080 1606 1113 1659 tu

96 1703 208 1765 quaeso
231 1684 312 1744 mille
341 1702 427 1744 ame
456 1683 566 1744 salutes
595 1685 625 1742 in
653 1683 732 1743 huno
760 1691 789 1744 et
816 1684 917 1763 plures
946 1704 1038 1745 annos
1067 1705 1113 1746 se-

97 1781 236 1854 quentes,
269 1772 348 1851 quod
378 1780 478 1833 votum
511 1772 590 1832 idem
623 1775 741 1850 ingeras
773 1773 862 1833 velim
894 1775 1112 1836 officiosissimo

96 1867 230 1924 virorum
253 1863 305 1922 Dn.
325 1861 486 1943 Praetorio,
511 1864 559 1922 cui
577 1861 740 1940 plurimum
759 1863 890 1940 gratulor
909 1864 945 1923 de
965 1865 1112 1943 expeditis

96 1956 169 2032 reip.
195 1970 264 2012 suae
292 1953 419 2030 negotiis
448 1999 454 2010 .
479 1999 485 2011 .
514 1950 706 2010 Faustissima
739 1954 810 2010 item
843 1959 912 2031 opto
946 1972 1111 2033 precorque

96 2045 229 2102 virorum
253 2043 364 2120 optimo
383 2041 435 2100 lln.
455 2039 556 2099 Remo.
588 2038 752 2100 Plurimum
771 2041 827 2100 tibi
846 2040 939 2102 debeo
957 2061 1012 2120 pro
1032 2042 1112 2102 felici

96 2132 318 2210 adprecatione,
347 2147 403 2207 qua
431 2147 478 2188 me
506 2128 583 2207 apud
612 2128 743 2188 divinam
769 2130 986 2208 providentiam
1009 2149 1111 2209 prose-

97 2223 200 2299 quitur
222 2227 291 2281 tuus
314 2218 439 2278 Iambus,
485 2217 546 2277 Nec
574 2219 673 2277 minus
703 2204 848 2295 obligatus
872 2237 945 2278 sum'
962 2219 1015 2278 Dn.
1039 2218 1112 2298 Gry-

95 2310 229 2391 rpiandro
248 2327 302 2387 pro
321 2309 497 2367 transmisso
516 2305 674 2385 Epitaphio
693 2305 773 2365 Eliae
792 2306 947 2368 Reusneri.
976 2306 1111 2387 Optimae

96 2402 137 2458 sit
159 2404 281 2457 naturae
305 2403 431 2476 oportet,
455 2397 507 2474 qui
529 2402 590 2455 tam
613 2396 707 2455 comis
730 2397 826 2456 estin
845 2395 1110 2458 nihilmerentem.

96 2487 207 2548 Vellem
224 2486 359 2565 protecto
378 2484 444 2545 heic
463 2486 553 2544 etiam
572 2487 604 2544 in
622 2483 720 2562 aliqua
740 2502 772 2544 re
792 2487 821 2544 ei
839 2485 1000 2563 gratificari
1014 2504 1110 2564 posse.

95 2576 206 2637 Libens
230 2574 347 2654 quidvis
370 2576 436 2633 eius
459 2575 578 2633 nomine
598 2571 751 2633 subierim
779 2573 854 2644 Quia
872 2581 901 2634 tc
920 2574 1006 2634 video
1026 2575 1110 2636 fami-

95 2664 210 2726 liariter
232 2670 336 2723 notum
354 2662 598 2722 Neusteterianae
618 2661 755 2743 familiae,
778 2663 824 2723 fac
843 2661 967 2724 obsecro
986 2663 1111 2725 habeam

95 2754 176 2815 diem
199 2753 326 2813 natalem
349 2751 601 2830 emortualemque
624 2750 742 2812 Erasmi
764 2747 1004 2833 Neustetteriffl,
1032 2753 1110 2814 Mae·

95 2841 304 2904 cenatisillius
319 2843 450 2919 regionis
469 2838 710 2919 incomparabilis
729 2847 758 2900 et
778 2841 813 2900 ad
833 2843 917 2901 cuius
935 2844 1110 2903 memoriam

96 2950 148 2992 cor
170 2931 246 2991 mihi
267 2937 364 2991 totum
387 2928 518 2990 subsilit:
542 2930 614 2989 adeo
637 2929 729 2991 multa
753 2929 789 2990 de
813 2948 848 2989 eo
868 2933 985 3008 egregia
1005 2930 1110 2992 solitus

94 3028 143 3081 est
168 3019 244 3080 mihi
269 3037 391 3080 narrare
418 3018 557 3079 Posthius
585 3038 618 3079 ac
646 3018 796 3098 Melissus,
829 3017 962 3078 eiusdem
990 3018 1110 3101 alumni,

95 3127 188 3188 eaque
220 3116 344 3188 propter
374 3110 482 3168 merito
510 3110 609 3187 ipsum
636 3109 820 3168 consecravit
850 3106 999 3186 epitaphio
1027 3107 1111 3169 Musa

95 3217 161 3259 mea
184 3191 471 3259 extraordinaria425.
509 3190 711 3257 Gebhardo4²⁶
733 3195 856 3256 tradidit
878 3196 1007 3256 inclusas
1031 3215 1109 3258 ama-

94 3289 219 3348 nuensis
260 3305 345 3347 meus
385 3286 572 3364 indicavique
613 3284 814 3364 respondendi
850 3288 1109 3364 opportunitatem.

94 3376 260 3457 Respondit
282 3375 414 3454 quotidie
438 3381 540 3453 patere
559 3374 596 3434 ad
615 3393 667 3435 vos
686 3376 752 3434 iter.
785 3373 886 3452 ltaque
907 3377 933 3434 si
952 3393 1031 3435 nunc
1050 3393 1110 3436 non

94 3465 244 3544 rescribit,
266 3464 355 3524 laciet
378 3463 449 3523 alias
473 3469 587 3544 estque,
610 3463 688 3542 quod
712 3462 778 3523 albo
803 3465 900 3541 signet
919 3463 1030 3525 calculo
1050 3465 1109 3525 lor-

94 3563 197 3615 tnnam
220 3553 301 3614 illius
325 3553 398 3632 diei,
431 3569 489 3631 quo
513 3560 579 3612 tuas
603 3553 729 3632 recepit,
761 3551 871 3612 nedum
900 3560 934 3613 ut
957 3571 1032 3630 opus
1053 3552 1117 3611 tibi
