2400 3966
82 128 127 192 40
517 125 539 182 I.
559 122 674 180 Gruleri

89 279 228 358 nominis,
248 295 322 356 quae
342 277 373 336 in
392 273 561 354 Principem
581 282 717 335 nostrum
736 272 786 333 illc
806 275 869 353 ipse
888 282 980 354 vates,
1000 274 1159 353 quibus]

90 374 120 429 et
142 385 197 446 ego
222 365 367 445 quaedam
391 357 608 444 intercinui131,
631 381 720 423 anser
744 365 824 423 iuter
847 362 953 424 olores.
991 362 1114 426 Emblo=
1140 394 1154 435 a

88 464 167 518 mata
196 454 245 516 illa
269 446 445 515 Taurebi¹⁸2
473 454 533 535 tui,
550 455 650 514 ,immo
674 460 705 513 et
727 454 787 512 mei
811 445 893 534 (nam
917 471 954 513 ex
978 471 1038 532 quo
1062 471 1115 515 me
1145 486 1159 527 a

90 546 184 607 salute
212 545 416 605 honestiorem
443 542 527 623 lecit,
554 543 586 602 in
615 541 709 602 classe
737 545 859 620 reposui
887 559 1006 623 comm,
1034 561 1113 622 quos
1149 576 1159 617 a

89 653 155 696 amo
175 641 206 695 et
224 624 363 715 aestimo)
384 631 468 692 avide
488 638 612 711 expecto
631 632 783 709 mirorque
803 631 936 692 nondum
950 631 1113 709 publicata.
1147 682 1159 706 .,

89 724 170 784 Misit
188 722 262 783 mihi
281 721 399 800 pridem
415 719 561 780 Adrianus
576 719 724 781 Bnrcbius
742 721 859 799 pinnam
878 718 1112 782 similitudinum
1149 754 1157 794 ι

91 813 270 890 farraginem
280 803 327 890 ¹⁸³,
359 808 471 869 librum
498 809 598 870 hercle
626 808 832 888 pereruslitum
861 811 972 888 quique
1001 809 1114 871 emble·
1151 844 1159 886 1

91 908 204 962 matum
231 900 352 959 nomine
380 900 437 958 rite
465 899 605 976 insigniri
632 905 742 976 posset.
787 897 826 958 Ut
853 898 970 977 pridem
994 901 1113 960 amicis-
1146 936 1159 977 ,Ξ

94 992 198 1050 simam
221 995 302 1049 tuam
327 986 496 1066 relegebam
514 986 656 1067 Elegiam,
679 986 816 1046 veniebat
839 989 870 1046 in
893 995 1026 1048 mentem
1044 995 1116 1068 post

93 1078 251 1140 Erasmum
280 1078 346 1137 iure
375 1078 483 1136 merito
510 1075 681 1155 ponendum
708 1074 896 1157 Pincianum,
929 1084 1031 1155 utpote
1062 1079 1116 1156 qui

96 1167 228 1228 Senecae
256 1165 323 1245 plus
352 1165 423 1226 boni
454 1163 578 1225 contulit
607 1183 695 1243 quam
723 1164 772 1224 alii
801 1183 913 1226 omnes.
959 1165 1063 1245 ltaque
1087 1168 1114 1226 si

95 1257 193 1337 placet
220 1254 326 1316 vellem
354 1272 422 1315 eum
450 1271 577 1333 poneres
606 1255 685 1313 inter
711 1252 869 1314 Erasmum
897 1261 927 1314 et
954 1254 1114 1316 llluretum.

96 1346 135 1407 Et
162 1363 248 1426 vero,
272 1345 340 1422 quia
363 1342 496 1404 Muretus
519 1344 681 1422 pessimam
705 1360 826 1421 operam
850 1345 881 1402 in
904 1343 1058 1425 poliendo,
1081 1351 1115 1406 ut

95 1442 129 1496 tu
152 1453 249 1514 vocas,
273 1432 384 1493 Seneca
404 1431 546 1512 adhibuit,
569 1431 667 1512 velim,
690 1434 716 1491 si
735 1450 848 1512 posses,
870 1431 921 1491 illo
940 1432 1115 1494 hexametro

97 1522 232 1583 Pinciani
246 1522 445 1602 meminisses,
463 1526 497 1581 ut
511 1527 625 1581 tantum
640 1521 677 1580 de
691 1519 807 1580 Murato
822 1528 903 1581 esset
915 1520 974 1582 tale
989 1521 1116 1601 aliquid:

470 1721 473 1727 Δ
745 1644 889 1724 Notisque

280 1731 415 1793 Muretus
438 1739 567 1793 mactum
591 1735 673 1792 misit
696 1735 727 1792 in
752 1752 803 1794 ora
826 1737 942 1795 virum

100 1878 246 1950 Quoniam
273 1893 383 1936 nomen
410 1874 536 1954 Hispani
563 1875 643 1936 illius
672 1894 731 1936 non
755 1876 922 1954 ingreditur
945 1880 976 1937 in
1000 1896 1118 1958 versus,

99 1968 170 2047 poni
198 1967 322 2045 poterit:
350 1971 436 2024 natus
461 1962 575 2045 Pincia,
602 1963 703 2026 Pincia
733 1983 820 2044 quem
845 1967 955 2043 genuit.
1003 1966 1061 2028 Sed
1087 1974 1117 2028 et

99 2056 152 2117 ubi
172 2054 338 2133 digrederis
357 2055 389 2113 in
408 2071 566 2113 recensum
581 2053 745 2135 doctorum,
765 2055 904 2132 quoniam
919 2055 1005 2115 facile
1020 2064 1118 2137 potes,

100 2164 160 2206 non
192 2143 379 2204 incommode
407 2142 443 2203 de
471 2142 602 2203 Frebero
631 2136 732 2227 (cuius
759 2145 887 2223 primam
915 2146 1026 2223 oorrtpi
1055 2145 1118 2206 vult

100 2233 251 2315 Melissus,
279 2233 405 2312 produci
433 2225 607 2315 secundam)
638 2240 669 2292 et
690 2231 811 2293 Posthio
835 2230 987 2311 plusculos
1010 2252 1118 2296 versus

101 2324 217 2384 leceris
255 2321 338 2393 Quod
364 2323 390 2381 si
413 2321 489 2381 torte
513 2339 572 2381 non
596 2328 650 2401 est,
674 2321 752 2400 quod
777 2320 905 2382 sufficiat
929 2321 964 2382 ad
989 2321 1118 2384 disticha

102 2411 265 2492 implenda,
291 2411 429 2471 adsumas
451 2409 522 2471 licet
544 2412 740 2470 amicissimos
763 2410 838 2470 mihi
861 2411 1048 2472 consiliarios
1072 2415 1118 2472 in-

103 2504 192 2562 timos
210 2499 359 2578 Principis
383 2501 478 2559 nostri
500 2497 762 2578 nobilissimosque
786 2506 816 2559 et
834 2502 953 2579 egregia
972 2499 1119 2583 doctrina,

101 2589 264 2650 Henrioum
285 2588 455 2668 Suerinum,
479 2591 532 2667 qui
555 2594 657 2648 eontra
676 2588 830 2649 Cuiaeium
849 2591 980 2669 scripsit,
1003 2597 1033 2651 et
1051 2590 1119 2651 Vol·

102 2678 206 2739 radum
225 2671 402 2758 Pressenffl,
423 2677 575 2738 bominem
599 2678 852 2756 elegantissimum
877 2681 955 2739 circa
974 2697 1023 2739 res
1043 2679 1129 2756 cira<

101 2770 192 2828 ritum
202 2765 413 2845 Musarumque
428 2774 458 2826 et
472 2766 569 2827 studia
584 2766 764 2846 elegantiora
776 2767 989 2846 callentemque
1000 2767 1119 2847 linguas

103 2857 240 2936 expedite
265 2854 406 2916 Gallicam
429 2853 560 2916 Italicam
583 2855 781 2935 Hispanioam.
824 2857 916 2917 Ambo
941 2864 1012 2917 sunt
1034 2875 1119 2918 meae

102 2948 220 3026 aetatis,
249 2962 394 3005 annorum
417 2943 484 3022 plus
507 2947 608 3006 minus
633 2941 728 3006 34¹⁸⁵.
775 2946 877 3028 Vides,
905 2964 993 3025 quam
1021 2948 1119 3026 impu-

103 3035 209 3095 denter
236 3033 292 3094 tibi
318 3041 458 3112 tanquam
486 3035 702 3116 praescribam,
730 3035 783 3094 sed
811 3038 962 3115 ignosceS,
991 3053 1059 3097 carm
1088 3036 1119 3096 id

103 3124 208 3203 faciam
240 3140 323 3182 mero
355 3125 401 3184 tui
433 3140 541 3182 amore.
587 3122 689 3183 Mirari
718 3127 797 3183 enim
824 3130 948 3203 possent
975 3125 1121 3206 nonnulli,

104 3211 183 3288 quod
215 3218 275 3270 tam
308 3211 365 3272 late
393 3212 605 3290 exspatiareris
634 3213 666 3272 in
698 3211 815 3273 laudem
847 3211 973 3271 aliorum
1005 3214 1121 3294 hosque

104 3298 269 3360 Freberum
297 3318 330 3359 ac
354 3300 505 3360 Posthium
534 3302 623 3359 unico
652 3300 820 3360 absolveres
848 3299 947 3359 verbo.
993 3302 1037 3363 Ita
1066 3321 1121 3381 ego

104 3395 190 3469 puto,
220 3385 270 3447 ille
304 3387 418 3448 scilicet
451 3391 597 3467 suspicax.
643 3387 685 3448 De
714 3388 842 3461 Qnerolo
872 3386 928 3447 tibi
956 3392 1121 3453 etiamnum

105 3475 287 3558 respondere
303 3471 407 3555 (non)
421 3493 553 3557 possum,
569 3476 647 3555 quod
662 3478 794 3538 nondum
809 3496 824 3536 a
839 3474 982 3537 nundinis
997 3480 1124 3542 redierit
1154 3486 1155 3490 ’

813 3666 950 3750 Α
