<?xml version="1.0" encoding="UTF-8"?>
<!DOCTYPE html PUBLIC "-//W3C//DTD XHTML 1.0 Transitional//EN"
    "http://www.w3.org/TR/xhtml1/DTD/xhtml1-transitional.dtd">
<html xmlns="http://www.w3.org/1999/xhtml" xml:lang="en" lang="en">
 <head>
  <title>
</title>
<meta http-equiv="Content-Type" content="text/html;charset=utf-8" />
  <meta name='ocr-system' content='tesseract 3.04.00' />
  <meta name='ocr-capabilities' content='ocr_page ocr_carea ocr_par ocr_line ocrx_word'/>
</head>
<body>
  <div class='ocr_page' id='page_1' title='image "./virorumclarorum00thedgoog_0057.png"; bbox 0 0 2400 3966; ppageno 0'>
   <div class='ocr_carea' id='block_1_1' title="bbox 101 145 684 214">
    <p class='ocr_par' dir='ltr' id='par_1_1' title="bbox 101 145 684 214">
     <span class='ocr_line' id='line_1_1' title="bbox 101 145 684 214; baseline 0.002 -12"><span class='ocrx_word' id='word_1_1' title='bbox 101 145 144 214; x_wconf 88' lang='lat'><strong>38</strong></span> <span class='ocrx_word' id='word_1_2' title='bbox 530 151 551 206; x_wconf 90' lang='lat'><strong>1.</strong></span> <span class='ocrx_word' id='word_1_3' title='bbox 571 149 684 205; x_wconf 82' lang='lat' dir='ltr'><strong>Gruteri</strong></span> 
     </span>
    </p>
   </div>
   <div class='ocr_carea' id='block_1_2' title="bbox 92 299 1115 1273">
    <p class='ocr_par' dir='ltr' id='par_1_2' title="bbox 93 299 1115 1071">
     <span class='ocr_line' id='line_1_2' title="bbox 96 299 1114 380; baseline 0.002 -22"><span class='ocrx_word' id='word_1_4' title='bbox 96 299 178 359; x_wconf 89' lang='lat' dir='ltr'><strong>hisce</strong></span> <span class='ocrx_word' id='word_1_5' title='bbox 202 317 355 379; x_wconf 87' lang='lat' dir='ltr'><strong>nunquam</strong></span> <span class='ocrx_word' id='word_1_6' title='bbox 374 306 404 360; x_wconf 92' lang='lat' dir='ltr'><strong>te</strong></span> <span class='ocrx_word' id='word_1_7' title='bbox 424 301 582 380; x_wconf 82' lang='lat' dir='ltr'><strong>scripsisse</strong></span> <span class='ocrx_word' id='word_1_8' title='bbox 601 302 736 380; x_wconf 89' lang='lat' dir='ltr'><strong>mirarer,</strong></span> <span class='ocrx_word' id='word_1_9' title='bbox 758 301 818 360; x_wconf 88' lang='lat' dir='ltr'><strong>nisi</strong></span> <span class='ocrx_word' id='word_1_10' title='bbox 837 299 999 360; x_wconf 85' lang='lat' dir='ltr'><strong>arbitrarer</strong></span> <span class='ocrx_word' id='word_1_11' title='bbox 1019 302 1114 379; x_wconf 89' lang='lat' dir='ltr'><strong>scrip-</strong></span> 
     </span>
     <span class='ocr_line' id='line_1_3' title="bbox 97 387 1115 469; baseline 0.002 -21"><span class='ocrx_word' id='word_1_12' title='bbox 97 390 171 449; x_wconf 82' lang='lat' dir='ltr'><strong>sisse</strong></span> <span class='ocrx_word' id='word_1_13' title='bbox 204 396 234 449; x_wconf 91' lang='lat' dir='ltr'><strong>te</strong></span> <span class='ocrx_word' id='word_1_14' title='bbox 268 389 402 469; x_wconf 91' lang='lat' dir='ltr'><strong>quidem,</strong></span> <span class='ocrx_word' id='word_1_15' title='bbox 435 388 487 448; x_wconf 92' lang='lat' dir='ltr'><strong>sed</strong></span> <span class='ocrx_word' id='word_1_16' title='bbox 515 388 706 450; x_wconf 80' lang='lat' dir='ltr'><strong>intercidisse</strong></span> <span class='ocrx_word' id='word_1_17' title='bbox 732 388 857 449; x_wconf 89' lang='lat' dir='ltr'><strong>litteras.</strong></span> <span class='ocrx_word' id='word_1_18' title='bbox 902 387 965 468; x_wconf 83' lang='lat' dir='ltr'><strong>Ego</strong></span> <span class='ocrx_word' id='word_1_19' title='bbox 993 391 1053 450; x_wconf 92' lang='lat' dir='ltr'><strong>iam</strong></span> <span class='ocrx_word' id='word_1_20' title='bbox 1082 392 1115 450; x_wconf 92' lang='lat' dir='ltr'><strong>in</strong></span> 
     </span>
     <span class='ocr_line' id='line_1_4' title="bbox 94 476 1113 557; baseline 0.003 -21"><span class='ocrx_word' id='word_1_21' title='bbox 94 478 198 537; x_wconf 90' lang='lat' dir='ltr'><strong>morbo</strong></span> <span class='ocrx_word' id='word_1_22' title='bbox 222 495 288 537; x_wconf 93' lang='lat' dir='ltr'><strong>meo</strong></span> <span class='ocrx_word' id='word_1_23' title='bbox 312 495 436 557; x_wconf 88' lang='lat' dir='ltr'><strong>prorsus</strong></span> <span class='ocrx_word' id='word_1_24' title='bbox 460 476 638 538; x_wconf 90' lang='lat' dir='ltr'><strong>obbrutesco</strong></span> <span class='ocrx_word' id='word_1_25' title='bbox 662 496 717 538; x_wconf 92' lang='lat' dir='ltr'><strong>nec</strong></span> <span class='ocrx_word' id='word_1_26' title='bbox 735 496 858 557; x_wconf 91' lang='lat' dir='ltr'><strong>possum</strong></span> <span class='ocrx_word' id='word_1_27' title='bbox 877 479 1010 538; x_wconf 87' lang='lat' dir='ltr'><strong>animum</strong></span> <span class='ocrx_word' id='word_1_28' title='bbox 1028 496 1113 539; x_wconf 89' lang='lat' dir='ltr'><strong>revo-</strong></span> 
     </span>
     <span class='ocr_line' id='line_1_5' title="bbox 95 565 1114 647; baseline 0.003 -21"><span class='ocrx_word' id='word_1_29' title='bbox 95 585 163 626; x_wconf 89' lang='lat' dir='ltr'><strong>care</strong></span> <span class='ocrx_word' id='word_1_30' title='bbox 196 566 232 626; x_wconf 90' lang='lat' dir='ltr'><strong>ad</strong></span> <span class='ocrx_word' id='word_1_31' title='bbox 261 565 435 646; x_wconf 87' lang='lat' dir='ltr'><strong>disciplinas</strong></span> <span class='ocrx_word' id='word_1_32' title='bbox 462 566 527 626; x_wconf 87' lang='lat' dir='ltr'><strong>illas</strong></span> <span class='ocrx_word' id='word_1_33' title='bbox 555 568 705 647; x_wconf 91' lang='lat' dir='ltr'><strong>pristinas.</strong></span> <span class='ocrx_word' id='word_1_34' title='bbox 755 566 893 645; x_wconf 79' lang='lat' dir='ltr'><strong>Melissus</strong></span> <span class='ocrx_word' id='word_1_35' title='bbox 921 575 1026 628; x_wconf 87' lang='lat' dir='ltr'><strong>nostor</strong></span> <span class='ocrx_word' id='word_1_36' title='bbox 1053 570 1114 629; x_wconf 92' lang='lat' dir='ltr'><strong>iarn</strong></span> 
     </span>
     <span class='ocr_line' id='line_1_6' title="bbox 95 649 1113 734; baseline 0.003 -19"><span class='ocrx_word' id='word_1_37' title='bbox 95 655 245 716; x_wconf 85' lang='lat' dir='ltr'><strong>convaluit</strong></span> <span class='ocrx_word' id='word_1_38' title='bbox 272 655 423 734; x_wconf 79' lang='lat' dir='ltr'><strong>ediditque</strong></span> <span class='ocrx_word' id='word_1_39' title='bbox 451 654 670 716; x_wconf 89' lang='lat' dir='ltr'><strong>lleletematum</strong></span> <span class='ocrx_word' id='word_1_40' title='bbox 697 649 843 716; x_wconf 77' lang='lat' dir='ltr'><strong>libros¹⁰³.</strong></span> <span class='ocrx_word' id='word_1_41' title='bbox 888 655 950 716; x_wconf 92' lang='lat' dir='ltr'><strong>lam</strong></span> <span class='ocrx_word' id='word_1_42' title='bbox 978 657 1034 717; x_wconf 93' lang='lat' dir='ltr'><strong>tibi</strong></span> <span class='ocrx_word' id='word_1_43' title='bbox 1061 657 1113 719; x_wconf 89' lang='lat' dir='ltr'><strong>de-</strong></span> 
     </span>
     <span class='ocr_line' id='line_1_7' title="bbox 96 738 1113 825; baseline 0.003 -21"><span class='ocrx_word' id='word_1_44' title='bbox 96 762 247 804; x_wconf 80' lang='lat' dir='ltr'><strong>creveram</strong></span> <span class='ocrx_word' id='word_1_45' title='bbox 265 746 385 804; x_wconf 90' lang='lat' dir='ltr'><strong>mittere</strong></span> <span class='ocrx_word' id='word_1_46' title='bbox 403 762 506 805; x_wconf 88' lang='lat' dir='ltr'><strong>manes</strong></span> <span class='ocrx_word' id='word_1_47' title='bbox 525 763 609 805; x_wconf 92' lang='lat' dir='ltr'><strong>meos</strong></span> <span class='ocrx_word' id='word_1_48' title='bbox 622 738 844 825; x_wconf 78' lang='lat' dir='ltr'><strong>Donellicos¹⁶⁸,</strong></span> <span class='ocrx_word' id='word_1_49' title='bbox 863 744 915 804; x_wconf 91' lang='lat' dir='ltr'><strong>sed</strong></span> <span class='ocrx_word' id='word_1_50' title='bbox 934 747 1113 825; x_wconf 82' lang='lat' dir='ltr'><strong>migratione</strong></span> 
     </span>
     <span class='ocr_line' id='line_1_8' title="bbox 95 827 1113 914; baseline 0.004 -22"><span class='ocrx_word' id='word_1_51' title='bbox 95 835 151 892; x_wconf 89' lang='lat' dir='ltr'><strong>ista</strong></span> <span class='ocrx_word' id='word_1_52' title='bbox 185 827 298 893; x_wconf 79' lang='lat' dir='ltr'><strong>mea¹⁶9</strong></span> <span class='ocrx_word' id='word_1_53' title='bbox 330 850 390 893; x_wconf 89' lang='lat' dir='ltr'><strong>non</strong></span> <span class='ocrx_word' id='word_1_54' title='bbox 422 842 556 912; x_wconf 89' lang='lat' dir='ltr'><strong>poteram</strong></span> <span class='ocrx_word' id='word_1_55' title='bbox 588 836 730 895; x_wconf 88' lang='lat' dir='ltr'><strong>invenire.</strong></span> <span class='ocrx_word' id='word_1_56' title='bbox 780 833 812 894; x_wconf 94' lang='lat' dir='ltr'><strong>ld</strong></span> <span class='ocrx_word' id='word_1_57' title='bbox 845 841 945 894; x_wconf 86' lang='lat' dir='ltr'><strong>tamen</strong></span> <span class='ocrx_word' id='word_1_58' title='bbox 976 837 1113 914; x_wconf 82' lang='lat' dir='ltr'><strong>proxime</strong></span> 
     </span>
     <span class='ocr_line' id='line_1_9' title="bbox 93 921 1112 1004; baseline 0.002 -22"><span class='ocrx_word' id='word_1_59' title='bbox 93 923 209 982; x_wconf 85' lang='lat' dir='ltr'><strong>faciam.</strong></span> <span class='ocrx_word' id='word_1_60' title='bbox 245 921 369 982; x_wconf 86' lang='lat' dir='ltr'><strong>Interim</strong></span> <span class='ocrx_word' id='word_1_61' title='bbox 388 921 466 982; x_wconf 88' lang='lat' dir='ltr'><strong>salve</strong></span> <span class='ocrx_word' id='word_1_62' title='bbox 486 931 516 983; x_wconf 90' lang='lat' dir='ltr'><strong>et</strong></span> <span class='ocrx_word' id='word_1_63' title='bbox 537 922 608 1003; x_wconf 86' lang='lat' dir='ltr'><strong>vale,</strong></span> <span class='ocrx_word' id='word_1_64' title='bbox 632 924 785 983; x_wconf 81' lang='lat' dir='ltr'><strong>carissime</strong></span> <span class='ocrx_word' id='word_1_65' title='bbox 803 922 995 1004; x_wconf 89' lang='lat' dir='ltr'><strong>Rittershusi,</strong></span> <span class='ocrx_word' id='word_1_66' title='bbox 1015 932 1045 984; x_wconf 89' lang='lat' dir='ltr'><strong>et</strong></span> <span class='ocrx_word' id='word_1_67' title='bbox 1063 943 1112 986; x_wconf 93' lang='lat' dir='ltr'><strong>me</strong></span> 
     </span>
     <span class='ocr_line' id='line_1_10' title="bbox 94 1011 356 1071; baseline 0.008 -2"><span class='ocrx_word' id='word_1_68' title='bbox 94 1011 120 1070; x_wconf 89' lang='lat' dir='ltr'><strong>si</strong></span> <span class='ocrx_word' id='word_1_69' title='bbox 143 1029 260 1071; x_wconf 92' lang='lat' dir='ltr'><strong>mereor</strong></span> <span class='ocrx_word' id='word_1_70' title='bbox 283 1029 356 1071; x_wconf 87' lang='lat' dir='ltr'><strong>ama.</strong></span> 
     </span>
    </p>

    <p class='ocr_par' dir='ltr' id='par_1_3' title="bbox 92 1099 1112 1273">
     <span class='ocr_line' id='line_1_11' title="bbox 160 1099 1112 1180; baseline 0.004 -22"><span class='ocrx_word' id='word_1_71' title='bbox 160 1099 191 1159; x_wconf 84' lang='lat' dir='ltr'><strong>T.</strong></span> <span class='ocrx_word' id='word_1_72' title='bbox 211 1100 243 1160; x_wconf 91' lang='grc' dir='ltr'><strong>Τ.</strong></span> <span class='ocrx_word' id='word_1_73' title='bbox 267 1099 287 1160; x_wconf 94' lang='grc' dir='ltr'><strong>Ι.</strong></span> <span class='ocrx_word' id='word_1_74' title='bbox 308 1099 500 1180; x_wconf 82' lang='lat' dir='ltr'><strong>Gruterus,</strong></span> <span class='ocrx_word' id='word_1_75' title='bbox 524 1101 575 1178; x_wconf 92' lang='lat' dir='ltr'><strong>qui</strong></span> <span class='ocrx_word' id='word_1_76' title='bbox 599 1100 712 1160; x_wconf 88' lang='lat' dir='ltr'><strong>isthaec</strong></span> <span class='ocrx_word' id='word_1_77' title='bbox 736 1100 903 1160; x_wconf 88' lang='lat' dir='ltr'><strong>scribebam</strong></span> <span class='ocrx_word' id='word_1_78' title='bbox 925 1118 982 1161; x_wconf 91' lang='lat' dir='ltr'><strong>nec</strong></span> <span class='ocrx_word' id='word_1_79' title='bbox 1002 1101 1112 1162; x_wconf 91' lang='lat' dir='ltr'><strong>sedens</strong></span> 
     </span>
     <span class='ocr_line' id='line_1_12' title="bbox 92 1181 1111 1273; baseline 0.002 -25"><span class='ocrx_word' id='word_1_80' title='bbox 92 1206 149 1248; x_wconf 89' lang='lat' dir='ltr'><strong>nec</strong></span> <span class='ocrx_word' id='word_1_81' title='bbox 177 1196 259 1249; x_wconf 88' lang='lat' dir='ltr'><strong>stans</strong></span> <span class='ocrx_word' id='word_1_82' title='bbox 287 1208 343 1249; x_wconf 90' lang='lat' dir='ltr'><strong>nec</strong></span> <span class='ocrx_word' id='word_1_83' title='bbox 372 1187 497 1270; x_wconf 79' lang='lat' dir='ltr'><strong>cubanS,</strong></span> <span class='ocrx_word' id='word_1_84' title='bbox 529 1188 580 1248; x_wconf 93' lang='lat' dir='ltr'><strong>sed</strong></span> <span class='ocrx_word' id='word_1_85' title='bbox 609 1191 708 1249; x_wconf 90' lang='lat' dir='ltr'><strong>omnia</strong></span> <span class='ocrx_word' id='word_1_86' title='bbox 737 1181 1032 1273; x_wconf 82' lang='lat' dir='ltr'><strong>(Heidelbergac)</strong></span> <span class='ocrx_word' id='word_1_87' title='bbox 1062 1190 1111 1250; x_wconf 89' lang='lat' dir='ltr'><strong>die</strong></span> 
     </span>
    </p>
   </div>
   <div class='ocr_carea' id='block_1_3' title="bbox 95 1275 379 1373">
    <p class='ocr_par' dir='ltr' id='par_1_4' title="bbox 95 1275 379 1373">
     <span class='ocr_line' id='line_1_13' title="bbox 95 1275 379 1373; baseline 0.007 -35"><span class='ocrx_word' id='word_1_88' title='bbox 95 1275 145 1338; x_wconf 87' lang='lat'><strong>13.</strong></span> <span class='ocrx_word' id='word_1_89' title='bbox 166 1278 244 1358; x_wconf 83' lang='lat' dir='ltr'><strong>Sept.</strong></span> <span class='ocrx_word' id='word_1_90' title='bbox 266 1275 379 1373; x_wconf 56' lang='lat'>1593„</span> 
     </span>
    </p>
   </div>
   <div class='ocr_carea' id='block_1_4' title="bbox 91 1484 1110 1679">
    <p class='ocr_par' dir='ltr' id='par_1_5' title="bbox 91 1484 1110 1679">
     <span class='ocr_line' id='line_1_14' title="bbox 302 1484 902 1555; baseline 0.003 -3"><span class='ocrx_word' id='word_1_91' title='bbox 302 1484 347 1552; x_wconf 85' lang='lat'><strong>31.</strong></span> <span class='ocrx_word' id='word_1_92' title='bbox 379 1486 405 1554; x_wconf 94' lang='grc' dir='ltr'><strong>Ι.</strong></span> <span class='ocrx_word' id='word_1_93' title='bbox 430 1484 589 1554; x_wconf 72' lang='lat' dir='ltr'><strong>Gruterus</strong></span> <span class='ocrx_word' id='word_1_94' title='bbox 613 1486 644 1553; x_wconf 81' lang='lat'><strong>0.</strong></span> <span class='ocrx_word' id='word_1_95' title='bbox 667 1485 902 1555; x_wconf 84' lang='lat' dir='ltr'><strong>Rittersbnsio.</strong></span> 
     </span>
     <span class='ocr_line' id='line_1_15' title="bbox 91 1607 1110 1679; baseline 0.007 -19"><span class='ocrx_word' id='word_1_96' title='bbox 91 1607 358 1676; x_wconf 83' lang='lat' dir='ltr'><strong>Heidelbergae.</strong></span> <span class='ocrx_word' id='word_1_97' title='bbox 868 1613 910 1665; x_wconf 85' lang='lat'><strong>15.</strong></span> <span class='ocrx_word' id='word_1_98' title='bbox 931 1609 1008 1679; x_wconf 84' lang='lat' dir='ltr'><strong>Sept.</strong></span> <span class='ocrx_word' id='word_1_99' title='bbox 1030 1617 1110 1667; x_wconf 80' lang='lat'><strong>1593.</strong></span> 
     </span>
    </p>
   </div>
   <div class='ocr_carea' id='block_1_5' title="bbox 1 1720 1109 3580">
    <p class='ocr_par' dir='ltr' id='par_1_6' title="bbox 1 1720 1109 3580">
     <span class='ocr_line' id='line_1_16' title="bbox 141 1720 1109 1805; baseline 0.006 -25"><span class='ocrx_word' id='word_1_100' title='bbox 141 1720 217 1781; x_wconf 89' lang='lat' dir='ltr'><strong>.Nae</strong></span> <span class='ocrx_word' id='word_1_101' title='bbox 241 1728 274 1782; x_wconf 93' lang='lat' dir='ltr'><strong>tu</strong></span> <span class='ocrx_word' id='word_1_102' title='bbox 297 1720 451 1781; x_wconf 85' lang='lat' dir='ltr'><strong>literarum</strong></span> <span class='ocrx_word' id='word_1_103' title='bbox 475 1728 505 1780; x_wconf 89' lang='lat' dir='ltr'><strong>et</strong></span> <span class='ocrx_word' id='word_1_104' title='bbox 528 1723 638 1782; x_wconf 89' lang='lat' dir='ltr'><strong>amoris</strong></span> <span class='ocrx_word' id='word_1_105' title='bbox 662 1740 694 1782; x_wconf 89' lang='lat' dir='ltr'><strong>cs</strong></span> <span class='ocrx_word' id='word_1_106' title='bbox 717 1721 826 1802; x_wconf 77' lang='lat' dir='ltr'><strong>larguS,</strong></span> <span class='ocrx_word' id='word_1_107' title='bbox 849 1724 892 1782; x_wconf 91' lang='lat' dir='ltr'><strong>mi</strong></span> <span class='ocrx_word' id='word_1_108' title='bbox 914 1722 1109 1805; x_wconf 88' lang='lat' dir='ltr'><strong>Rittershusi,</strong></span> 
     </span>
     <span class='ocr_line' id='line_1_17' title="bbox 90 1808 1106 1892; baseline 0.002 -20"><span class='ocrx_word' id='word_1_109' title='bbox 90 1813 141 1890; x_wconf 87' lang='lat' dir='ltr'><strong>qui</strong></span> <span class='ocrx_word' id='word_1_110' title='bbox 179 1809 214 1869; x_wconf 93' lang='lat' dir='ltr'><strong>ad</strong></span> <span class='ocrx_word' id='word_1_111' title='bbox 251 1828 297 1870; x_wconf 91' lang='lat' dir='ltr'><strong>me</strong></span> <span class='ocrx_word' id='word_1_112' title='bbox 329 1816 390 1869; x_wconf 92' lang='lat' dir='ltr'><strong>tarn</strong></span> <span class='ocrx_word' id='word_1_113' title='bbox 421 1808 592 1870; x_wconf 85' lang='lat' dir='ltr'><strong>liberaliter.</strong></span> <span class='ocrx_word' id='word_1_114' title='bbox 643 1809 681 1871; x_wconf 89' lang='lat' dir='ltr'><strong>Et</strong></span> <span class='ocrx_word' id='word_1_115' title='bbox 712 1810 749 1871; x_wconf 93' lang='lat' dir='ltr'><strong>de</strong></span> <span class='ocrx_word' id='word_1_116' title='bbox 780 1810 1000 1890; x_wconf 85' lang='lat' dir='ltr'><strong>Epigrammate</strong></span> <span class='ocrx_word' id='word_1_117' title='bbox 1034 1815 1106 1892; x_wconf 90' lang='lat' dir='ltr'><strong>quid</strong></span> 
     </span>
     <span class='ocr_line' id='line_1_18' title="bbox 89 1896 1107 1984; baseline 0.003 -24"><span class='ocrx_word' id='word_1_118' title='bbox 89 1903 199 1960; x_wconf 91' lang='lat' dir='ltr'><strong>iterum</strong></span> <span class='ocrx_word' id='word_1_119' title='bbox 226 1901 286 1959; x_wconf 89' lang='lat' dir='ltr'><strong>nisi</strong></span> <span class='ocrx_word' id='word_1_120' title='bbox 313 1904 400 1977; x_wconf 90' lang='lat' dir='ltr'><strong>putas</strong></span> <span class='ocrx_word' id='word_1_121' title='bbox 427 1917 518 1977; x_wconf 86' lang='lat' dir='ltr'><strong>puras</strong></span> <span class='ocrx_word' id='word_1_122' title='bbox 546 1896 678 1978; x_wconf 75' lang='lat' dir='ltr'><strong>gratias?</strong></span> <span class='ocrx_word' id='word_1_123' title='bbox 723 1899 769 1960; x_wconf 85' lang='lat' dir='ltr'><strong>Tu</strong></span> <span class='ocrx_word' id='word_1_124' title='bbox 796 1918 899 1981; x_wconf 92' lang='lat' dir='ltr'><strong>posce,</strong></span> <span class='ocrx_word' id='word_1_125' title='bbox 927 1920 996 1961; x_wconf 89' lang='lat' dir='ltr'><strong>cnm</strong></span> <span class='ocrx_word' id='word_1_126' title='bbox 1019 1901 1107 1984; x_wconf 82' lang='lat' dir='ltr'><strong>libet3</strong></span> 
     </span>
     <span class='ocr_line' id='line_1_19' title="bbox 89 1987 1107 2071; baseline 0.003 -22"><span class='ocrx_word' id='word_1_127' title='bbox 89 1994 206 2068; x_wconf 87' lang='lat' dir='ltr'><strong>paratas</strong></span> <span class='ocrx_word' id='word_1_128' title='bbox 231 2006 326 2068; x_wconf 88' lang='lat' dir='ltr'><strong>servo,</strong></span> <span class='ocrx_word' id='word_1_129' title='bbox 350 1989 429 2047; x_wconf 91' lang='lat' dir='ltr'><strong>etsi</strong></span> <span class='ocrx_word' id='word_1_130' title='bbox 453 2006 562 2068; x_wconf 81' lang='lat' dir='ltr'><strong>cessas,</strong></span> <span class='ocrx_word' id='word_1_131' title='bbox 585 1987 631 2048; x_wconf 86' lang='lat' dir='ltr'><strong>vel</strong></span> <span class='ocrx_word' id='word_1_132' title='bbox 653 1995 940 2067; x_wconf 85' lang='lat' dir='ltr'><strong>repraesentaturus</strong></span> <span class='ocrx_word' id='word_1_133' title='bbox 983 1990 1107 2071; x_wconf 89' lang='lat' dir='ltr'><strong>lamque</strong></span> 
     </span>
     <span class='ocr_line' id='line_1_20' title="bbox 89 2071 1108 2162; baseline 0.003 -24"><span class='ocrx_word' id='word_1_134' title='bbox 89 2079 162 2138; x_wconf 91' lang='lat' dir='ltr'><strong>adeo</strong></span> <span class='ocrx_word' id='word_1_135' title='bbox 191 2079 257 2138; x_wconf 91' lang='lat' dir='ltr'><strong>eius</strong></span> <span class='ocrx_word' id='word_1_136' title='bbox 285 2078 329 2137; x_wconf 89' lang='lat' dir='ltr'><strong>rei</strong></span> <span class='ocrx_word' id='word_1_137' title='bbox 352 2078 411 2136; x_wconf 90' lang='lat' dir='ltr'><strong>iam</strong></span> <span class='ocrx_word' id='word_1_138' title='bbox 434 2094 514 2138; x_wconf 90' lang='lat' dir='ltr'><strong>nunc</strong></span> <span class='ocrx_word' id='word_1_139' title='bbox 537 2077 676 2138; x_wconf 87' lang='lat' dir='ltr'><strong>fecissem</strong></span> <span class='ocrx_word' id='word_1_140' title='bbox 699 2079 818 2138; x_wconf 90' lang='lat' dir='ltr'><strong>initium</strong></span> <span class='ocrx_word' id='word_1_141' title='bbox 842 2071 1001 2162; x_wconf 85' lang='lat' dir='ltr'><strong>(debebam</strong></span> <span class='ocrx_word' id='word_1_142' title='bbox 1024 2084 1108 2141; x_wconf 89' lang='lat' dir='ltr'><strong>enim</strong></span> 
     </span>
     <span class='ocr_line' id='line_1_21' title="bbox 89 2158 1107 2249; baseline 0.005 -23"><span class='ocrx_word' id='word_1_143' title='bbox 89 2166 314 2228; x_wconf 86' lang='lat' dir='ltr'><strong>Genethliacum</strong></span> <span class='ocrx_word' id='word_1_144' title='bbox 340 2167 372 2226; x_wconf 90' lang='lat' dir='ltr'><strong>in</strong></span> <span class='ocrx_word' id='word_1_145' title='bbox 399 2168 526 2245; x_wconf 86' lang='lat' dir='ltr'><strong>primam</strong></span> <span class='ocrx_word' id='word_1_146' title='bbox 553 2166 633 2226; x_wconf 91' lang='lat' dir='ltr'><strong>illam</strong></span> <span class='ocrx_word' id='word_1_147' title='bbox 661 2158 789 2249; x_wconf 89' lang='lat' dir='ltr'><strong>prolem)</strong></span> <span class='ocrx_word' id='word_1_148' title='bbox 797 2160 844 2246; x_wconf 75' lang='lat'><strong>¹⁷⁰,</strong></span> <span class='ocrx_word' id='word_1_149' title='bbox 872 2169 1002 2228; x_wconf 87' lang='lat' dir='ltr'><strong>nisime</strong></span> <span class='ocrx_word' id='word_1_150' title='bbox 1026 2168 1107 2231; x_wconf 89' lang='lat' dir='ltr'><strong>abri-</strong></span> 
     </span>
     <span class='ocr_line' id='line_1_22' title="bbox 88 2254 1107 2337; baseline 0.003 -20"><span class='ocrx_word' id='word_1_151' title='bbox 88 2263 195 2336; x_wconf 91' lang='lat' dir='ltr'><strong>perent</strong></span> <span class='ocrx_word' id='word_1_152' title='bbox 211 2255 343 2335; x_wconf 92' lang='lat' dir='ltr'><strong>plurium</strong></span> <span class='ocrx_word' id='word_1_153' title='bbox 362 2255 514 2337; x_wconf 91' lang='lat' dir='ltr'><strong>epistolae,</strong></span> <span class='ocrx_word' id='word_1_154' title='bbox 534 2255 642 2334; x_wconf 91' lang='lat' dir='ltr'><strong>quibus</strong></span> <span class='ocrx_word' id='word_1_155' title='bbox 660 2255 742 2316; x_wconf 90' lang='lat' dir='ltr'><strong>hisce</strong></span> <span class='ocrx_word' id='word_1_156' title='bbox 761 2254 905 2315; x_wconf 92' lang='lat' dir='ltr'><strong>nundinis</strong></span> <span class='ocrx_word' id='word_1_157' title='bbox 924 2258 1107 2319; x_wconf 82' lang='lat' dir='ltr'><strong>satisfaciam</strong></span> 
     </span>
     <span class='ocr_line' id='line_1_23' title="bbox 89 2344 1107 2425; baseline 0.004 -20"><span class='ocrx_word' id='word_1_158' title='bbox 89 2353 213 2425; x_wconf 89' lang='lat' dir='ltr'><strong>oportet.</strong></span> <span class='ocrx_word' id='word_1_159' title='bbox 260 2344 337 2424; x_wconf 85' lang='lat' dir='ltr'><strong>Ergo</strong></span> <span class='ocrx_word' id='word_1_160' title='bbox 365 2346 424 2406; x_wconf 90' lang='lat' dir='ltr'><strong>iam</strong></span> <span class='ocrx_word' id='word_1_161' title='bbox 451 2351 567 2405; x_wconf 89' lang='lat' dir='ltr'><strong>tantum</strong></span> <span class='ocrx_word' id='word_1_162' title='bbox 595 2344 631 2404; x_wconf 99' lang='lat' dir='ltr'><strong>ad</strong></span> <span class='ocrx_word' id='word_1_163' title='bbox 659 2351 733 2405; x_wconf 88' lang='lat' dir='ltr'><strong>tuas.</strong></span> <span class='ocrx_word' id='word_1_164' title='bbox 780 2344 916 2415; x_wconf 84' lang='lat' dir='ltr'><strong>Quidni</strong></span> <span class='ocrx_word' id='word_1_165' title='bbox 943 2345 1030 2407; x_wconf 91' lang='lat' dir='ltr'><strong>nobis</strong></span> <span class='ocrx_word' id='word_1_166' title='bbox 1059 2367 1107 2409; x_wconf 91' lang='lat' dir='ltr'><strong>sa·</strong></span> 
     </span>
     <span class='ocr_line' id='line_1_24' title="bbox 87 2429 1106 2515; baseline 0.002 -20"><span class='ocrx_word' id='word_1_167' title='bbox 87 2437 204 2514; x_wconf 89' lang='lat' dir='ltr'><strong>puisset</strong></span> <span class='ocrx_word' id='word_1_168' title='bbox 231 2433 338 2515; x_wconf 82' lang='lat' dir='ltr'><strong>elegia,</strong></span> <span class='ocrx_word' id='word_1_169' title='bbox 366 2451 432 2494; x_wconf 90' lang='lat' dir='ltr'><strong>cnm</strong></span> <span class='ocrx_word' id='word_1_170' title='bbox 462 2440 523 2494; x_wconf 89' lang='lat' dir='ltr'><strong>tota</strong></span> <span class='ocrx_word' id='word_1_171' title='bbox 547 2440 627 2494; x_wconf 89' lang='lat' dir='ltr'><strong>esset</strong></span> <span class='ocrx_word' id='word_1_172' title='bbox 650 2429 780 2512; x_wconf 76' lang='lat' dir='ltr'><strong>mattya?</strong></span> <span class='ocrx_word' id='word_1_173' title='bbox 826 2433 916 2513; x_wconf 88' lang='lat' dir='ltr'><strong>Sique</strong></span> <span class='ocrx_word' id='word_1_174' title='bbox 939 2436 1106 2514; x_wconf 89' lang='lat' dir='ltr'><strong>imparatus</strong></span> 
     </span>
     <span class='ocr_line' id='line_1_25' title="bbox 87 2521 1106 2604; baseline 0.004 -22"><span class='ocrx_word' id='word_1_175' title='bbox 87 2531 148 2582; x_wconf 88' lang='lat' dir='ltr'><strong>tam</strong></span> <span class='ocrx_word' id='word_1_176' title='bbox 180 2523 274 2583; x_wconf 90' lang='lat' dir='ltr'><strong>electa</strong></span> <span class='ocrx_word' id='word_1_177' title='bbox 305 2525 448 2601; x_wconf 92' lang='lat' dir='ltr'><strong>proponis</strong></span> <span class='ocrx_word' id='word_1_178' title='bbox 481 2523 599 2603; x_wconf 75' lang='lat' dir='ltr'><strong>amidio,</strong></span> <span class='ocrx_word' id='word_1_179' title='bbox 632 2524 709 2583; x_wconf 90' lang='lat' dir='ltr'><strong>scire</strong></span> <span class='ocrx_word' id='word_1_180' title='bbox 738 2521 857 2603; x_wconf 91' lang='lat' dir='ltr'><strong>vellem,</strong></span> <span class='ocrx_word' id='word_1_181' title='bbox 890 2541 947 2601; x_wconf 91' lang='lat' dir='ltr'><strong>qua</strong></span> <span class='ocrx_word' id='word_1_182' title='bbox 975 2527 1106 2604; x_wconf 88' lang='lat' dir='ltr'><strong>accipias</strong></span> 
     </span>
     <span class='ocr_line' id='line_1_26' title="bbox 88 2608 1105 2690; baseline 0.004 -19"><span class='ocrx_word' id='word_1_183' title='bbox 88 2630 179 2672; x_wconf 91' lang='lat' dir='ltr'><strong>coena</strong></span> <span class='ocrx_word' id='word_1_184' title='bbox 208 2610 325 2690; x_wconf 91' lang='lat' dir='ltr'><strong>pridem</strong></span> <span class='ocrx_word' id='word_1_185' title='bbox 351 2608 512 2672; x_wconf 81' lang='lat' dir='ltr'><strong>invitatos?</strong></span> <span class='ocrx_word' id='word_1_186' title='bbox 557 2611 632 2671; x_wconf 89' lang='lat' dir='ltr'><strong>Nam</strong></span> <span class='ocrx_word' id='word_1_187' title='bbox 660 2629 730 2672; x_wconf 91' lang='lat' dir='ltr'><strong>sane</strong></span> <span class='ocrx_word' id='word_1_188' title='bbox 759 2618 789 2672; x_wconf 91' lang='lat' dir='ltr'><strong>ct</strong></span> <span class='ocrx_word' id='word_1_189' title='bbox 811 2610 999 2690; x_wconf 82' lang='lat' dir='ltr'><strong>Epigramma</strong></span> <span class='ocrx_word' id='word_1_190' title='bbox 1023 2614 1105 2675; x_wconf 89' lang='lat' dir='ltr'><strong>istud</strong></span> 
     </span>
     <span class='ocr_line' id='line_1_27' title="bbox 87 2696 1104 2787; baseline 0 -25"><span class='ocrx_word' id='word_1_191' title='bbox 87 2708 173 2762; x_wconf 92' lang='lat' dir='ltr'><strong>tuum</strong></span> <span class='ocrx_word' id='word_1_192' title='bbox 197 2703 228 2760; x_wconf 94' lang='lat' dir='ltr'><strong>in</strong></span> <span class='ocrx_word' id='word_1_193' title='bbox 248 2700 439 2779; x_wconf 86' lang='lat' dir='ltr'><strong>Suspiciones</strong></span> <span class='ocrx_word' id='word_1_194' title='bbox 461 2707 579 2761; x_wconf 90' lang='lat' dir='ltr'><strong>nostras</strong></span> <span class='ocrx_word' id='word_1_195' title='bbox 598 2700 681 2762; x_wconf 90' lang='lat' dir='ltr'><strong>valde</strong></span> <span class='ocrx_word' id='word_1_196' title='bbox 701 2702 866 2781; x_wconf 89' lang='lat' dir='ltr'><strong>opiparum,</strong></span> <span class='ocrx_word' id='word_1_197' title='bbox 884 2700 1053 2780; x_wconf 90' lang='lat' dir='ltr'><strong>palatuique</strong></span> <span class='ocrx_word' id='word_1_198' title='bbox 1066 2696 1104 2787; x_wconf 85' lang='lat' dir='ltr'><strong>(l)</strong></span> 
     </span>
     <span class='ocr_line' id='line_1_28' title="bbox 88 2788 1104 2869; baseline 0.002 -19"><span class='ocrx_word' id='word_1_199' title='bbox 88 2809 155 2850; x_wconf 93' lang='lat' dir='ltr'><strong>meo</strong></span> <span class='ocrx_word' id='word_1_200' title='bbox 179 2791 301 2869; x_wconf 92' lang='lat' dir='ltr'><strong>proprie</strong></span> <span class='ocrx_word' id='word_1_201' title='bbox 325 2796 405 2848; x_wconf 88' lang='lat' dir='ltr'><strong>esset</strong></span> <span class='ocrx_word' id='word_1_202' title='bbox 428 2789 583 2869; x_wconf 88' lang='lat' dir='ltr'><strong>irritando,</strong></span> <span class='ocrx_word' id='word_1_203' title='bbox 606 2792 665 2850; x_wconf 90' lang='lat' dir='ltr'><strong>nisi</strong></span> <span class='ocrx_word' id='word_1_204' title='bbox 688 2792 778 2850; x_wconf 90' lang='lat' dir='ltr'><strong>nimis</strong></span> <span class='ocrx_word' id='word_1_205' title='bbox 801 2808 889 2868; x_wconf 88' lang='lat' dir='ltr'><strong>quarn</strong></span> <span class='ocrx_word' id='word_1_206' title='bbox 907 2788 1034 2851; x_wconf 90' lang='lat' dir='ltr'><strong>multum</strong></span> <span class='ocrx_word' id='word_1_207' title='bbox 1053 2792 1104 2852; x_wconf 88' lang='lat' dir='ltr'><strong>ad-</strong></span> 
     </span>
     <span class='ocr_line' id='line_1_29' title="bbox 79 2876 1104 2957; baseline 0.002 -18"><span class='ocrx_word' id='word_1_208' title='bbox 79 2880 217 2939; x_wconf 92' lang='lat' dir='ltr'><strong>didisses</strong></span> <span class='ocrx_word' id='word_1_209' title='bbox 242 2877 382 2938; x_wconf 86' lang='lat' dir='ltr'><strong>sacchari.</strong></span> <span class='ocrx_word' id='word_1_210' title='bbox 424 2876 547 2938; x_wconf 86' lang='lat' dir='ltr'><strong>Parcius</strong></span> <span class='ocrx_word' id='word_1_211' title='bbox 570 2881 669 2956; x_wconf 88' lang='lat' dir='ltr'><strong>itaque</strong></span> <span class='ocrx_word' id='word_1_212' title='bbox 693 2879 816 2957; x_wconf 90' lang='lat' dir='ltr'><strong>posthac</strong></span> <span class='ocrx_word' id='word_1_213' title='bbox 840 2881 872 2938; x_wconf 93' lang='lat' dir='ltr'><strong>in</strong></span> <span class='ocrx_word' id='word_1_214' title='bbox 890 2897 972 2939; x_wconf 89' lang='lat' dir='ltr'><strong>meas</strong></span> <span class='ocrx_word' id='word_1_215' title='bbox 990 2878 1104 2941; x_wconf 89' lang='lat' dir='ltr'><strong>laudes.</strong></span> 
     </span>
     <span class='ocr_line' id='line_1_30' title="bbox 89 2965 1105 3047; baseline -0.001 -20"><span class='ocrx_word' id='word_1_216' title='bbox 89 2967 121 3027; x_wconf 86' lang='lat' dir='ltr'><strong>Si</strong></span> <span class='ocrx_word' id='word_1_217' title='bbox 145 2968 231 3046; x_wconf 91' lang='lat' dir='ltr'><strong>culpa</strong></span> <span class='ocrx_word' id='word_1_218' title='bbox 255 2984 355 3047; x_wconf 89' lang='lat' dir='ltr'><strong>careo,</strong></span> <span class='ocrx_word' id='word_1_219' title='bbox 377 2965 455 3025; x_wconf 90' lang='lat' dir='ltr'><strong>bene</strong></span> <span class='ocrx_word' id='word_1_220' title='bbox 481 2969 578 3044; x_wconf 84' lang='lat' dir='ltr'><strong>agitur</strong></span> <span class='ocrx_word' id='word_1_221' title='bbox 600 2984 732 3046; x_wconf 90' lang='lat' dir='ltr'><strong>mecum,</strong></span> <span class='ocrx_word' id='word_1_222' title='bbox 756 2970 808 3045; x_wconf 90' lang='lat' dir='ltr'><strong>qui</strong></span> <span class='ocrx_word' id='word_1_223' title='bbox 831 2967 962 3028; x_wconf 92' lang='lat' dir='ltr'><strong>nondum</strong></span> <span class='ocrx_word' id='word_1_224' title='bbox 986 2970 1018 3029; x_wconf 93' lang='lat' dir='ltr'><strong>in</strong></span> <span class='ocrx_word' id='word_1_225' title='bbox 1040 2969 1105 3030; x_wconf 87' lang='lat' dir='ltr'><strong>XIV</strong></span> 
     </span>
     <span class='ocr_line' id='line_1_31' title="bbox 1 3054 1104 3137; baseline 0.004 -23"><span class='ocrx_word' id='word_1_226' title='bbox 1 3107 3 3114; x_wconf 84' lang='lat'>.</span> <span class='ocrx_word' id='word_1_227' title='bbox 88 3056 236 3137; x_wconf 76' lang='lat' dir='ltr'><strong>sedemus,</strong></span> <span class='ocrx_word' id='word_1_228' title='bbox 259 3054 368 3116; x_wconf 91' lang='lat' dir='ltr'><strong>nedum</strong></span> <span class='ocrx_word' id='word_1_229' title='bbox 388 3061 422 3115; x_wconf 92' lang='lat' dir='ltr'><strong>nt</strong></span> <span class='ocrx_word' id='word_1_230' title='bbox 440 3072 620 3134; x_wconf 85' lang='lat' dir='ltr'><strong>occupemus</strong></span> <span class='ocrx_word' id='word_1_231' title='bbox 640 3055 831 3116; x_wconf 87' lang='lat' dir='ltr'><strong>orchestram.</strong></span> <span class='ocrx_word' id='word_1_232' title='bbox 868 3056 1104 3137; x_wconf 87' lang='lat' dir='ltr'><strong>blanuscriptum</strong></span> 
     </span>
     <span class='ocr_line' id='line_1_32' title="bbox 88 3138 1103 3225; baseline 0.006 -23"><span class='ocrx_word' id='word_1_233' title='bbox 88 3142 171 3203; x_wconf 89' lang='lat' dir='ltr'><strong>illum</strong></span> <span class='ocrx_word' id='word_1_234' title='bbox 195 3138 372 3222; x_wconf 76' lang='lat' dir='ltr'><strong>priorem¹⁷¹</strong></span> <span class='ocrx_word' id='word_1_235' title='bbox 393 3142 472 3223; x_wconf 86' lang='lat' dir='ltr'><strong>quod</strong></span> <span class='ocrx_word' id='word_1_236' title='bbox 492 3145 532 3203; x_wconf 90' lang='lat' dir='ltr'><strong>ita</strong></span> <span class='ocrx_word' id='word_1_237' title='bbox 551 3146 662 3222; x_wconf 89' lang='lat' dir='ltr'><strong>apertis</strong></span> <span class='ocrx_word' id='word_1_238' title='bbox 681 3143 782 3204; x_wconf 87' lang='lat' dir='ltr'><strong>laudas</strong></span> <span class='ocrx_word' id='word_1_239' title='bbox 801 3144 896 3225; x_wconf 90' lang='lat' dir='ltr'><strong>labiis,</strong></span> <span class='ocrx_word' id='word_1_240' title='bbox 920 3148 985 3206; x_wconf 91' lang='lat' dir='ltr'><strong>iure</strong></span> <span class='ocrx_word' id='word_1_241' title='bbox 1005 3146 1103 3208; x_wconf 88' lang='lat' dir='ltr'><strong>facere</strong></span> 
     </span>
     <span class='ocr_line' id='line_1_33' title="bbox 89 3231 1104 3313; baseline 0.004 -21"><span class='ocrx_word' id='word_1_242' title='bbox 89 3231 225 3292; x_wconf 87' lang='lat' dir='ltr'><strong>arbitror.</strong></span> <span class='ocrx_word' id='word_1_243' title='bbox 263 3231 337 3292; x_wconf 91' lang='lat' dir='ltr'><strong>Nam</strong></span> <span class='ocrx_word' id='word_1_244' title='bbox 361 3239 391 3292; x_wconf 93' lang='lat' dir='ltr'><strong>et</strong></span> <span class='ocrx_word' id='word_1_245' title='bbox 414 3250 477 3313; x_wconf 84' lang='lat' dir='ltr'><strong>ego,</strong></span> <span class='ocrx_word' id='word_1_246' title='bbox 501 3235 553 3311; x_wconf 88' lang='lat' dir='ltr'><strong>qui</strong></span> <span class='ocrx_word' id='word_1_247' title='bbox 573 3231 705 3310; x_wconf 84' lang='lat' dir='ltr'><strong>vulgatas</strong></span> <span class='ocrx_word' id='word_1_248' title='bbox 728 3233 885 3312; x_wconf 87' lang='lat' dir='ltr'><strong>plerasque</strong></span> <span class='ocrx_word' id='word_1_249' title='bbox 904 3234 1017 3295; x_wconf 91' lang='lat' dir='ltr'><strong>contuli</strong></span> <span class='ocrx_word' id='word_1_250' title='bbox 1036 3256 1104 3297; x_wconf 87' lang='lat' dir='ltr'><strong>curn</strong></span> 
     </span>
     <span class='ocr_line' id='line_1_34' title="bbox 89 3318 1103 3400; baseline 0.004 -20"><span class='ocrx_word' id='word_1_251' title='bbox 89 3323 184 3400; x_wconf 91' lang='lat' dir='ltr'><strong>ipsius</strong></span> <span class='ocrx_word' id='word_1_252' title='bbox 217 3318 338 3380; x_wconf 88' lang='lat' dir='ltr'><strong>traduce</strong></span> <span class='ocrx_word' id='word_1_253' title='bbox 371 3320 531 3400; x_wconf 77' lang='lat' dir='ltr'><strong>editioneS,</strong></span> <span class='ocrx_word' id='word_1_254' title='bbox 565 3320 595 3380; x_wconf 95' lang='lat' dir='ltr'><strong>id</strong></span> <span class='ocrx_word' id='word_1_255' title='bbox 627 3322 716 3381; x_wconf 92' lang='lat' dir='ltr'><strong>nimis</strong></span> <span class='ocrx_word' id='word_1_256' title='bbox 750 3340 838 3399; x_wconf 88' lang='lat' dir='ltr'><strong>quam</strong></span> <span class='ocrx_word' id='word_1_257' title='bbox 868 3331 1008 3400; x_wconf 83' lang='lat' dir='ltr'><strong>expertus</strong></span> <span class='ocrx_word' id='word_1_258' title='bbox 1038 3344 1103 3387; x_wconf 89' lang='lat' dir='ltr'><strong>sum</strong></span> 
     </span>
     <span class='ocr_line' id='line_1_35' title="bbox 89 3407 1105 3488; baseline 0.006 -19"><span class='ocrx_word' id='word_1_259' title='bbox 89 3407 279 3488; x_wconf 81' lang='lat' dir='ltr'><strong>gratulorque</strong></span> <span class='ocrx_word' id='word_1_260' title='bbox 312 3407 399 3486; x_wconf 91' lang='lat' dir='ltr'><strong>mihi,</strong></span> <span class='ocrx_word' id='word_1_261' title='bbox 432 3411 497 3468; x_wconf 89' lang='lat' dir='ltr'><strong>eius</strong></span> <span class='ocrx_word' id='word_1_262' title='bbox 529 3409 602 3468; x_wconf 90' lang='lat' dir='ltr'><strong>mihi</strong></span> <span class='ocrx_word' id='word_1_263' title='bbox 634 3409 718 3470; x_wconf 90' lang='lat' dir='ltr'><strong>brevi</strong></span> <span class='ocrx_word' id='word_1_264' title='bbox 750 3411 812 3471; x_wconf 90' lang='lat' dir='ltr'><strong>lore</strong></span> <span class='ocrx_word' id='word_1_265' title='bbox 842 3411 964 3487; x_wconf 84' lang='lat' dir='ltr'><strong>copiam.</strong></span> <span class='ocrx_word' id='word_1_266' title='bbox 1015 3412 1105 3475; x_wconf 88' lang='lat' dir='ltr'><strong>Brevi</strong></span> 
     </span>
     <span class='ocr_line' id='line_1_36' title="bbox 89 3496 1103 3580; baseline 0.006 -21"><span class='ocrx_word' id='word_1_267' title='bbox 89 3503 223 3580; x_wconf 66' lang='lat' dir='ltr'><strong>inquam,</strong></span> <span class='ocrx_word' id='word_1_268' title='bbox 252 3515 319 3556; x_wconf 87' lang='lat' dir='ltr'><strong>nam</strong></span> <span class='ocrx_word' id='word_1_269' title='bbox 342 3498 426 3576; x_wconf 91' lang='lat' dir='ltr'><strong>prius</strong></span> <span class='ocrx_word' id='word_1_270' title='bbox 451 3503 509 3556; x_wconf 87' lang='lat' dir='ltr'><strong>stat</strong></span> <span class='ocrx_word' id='word_1_271' title='bbox 532 3496 684 3557; x_wconf 83' lang='lat' dir='ltr'><strong>absolvere</strong></span> <span class='ocrx_word' id='word_1_272' title='bbox 708 3499 859 3559; x_wconf 85' lang='lat' dir='ltr'><strong>Senecam.</strong></span> <span class='ocrx_word' id='word_1_273' title='bbox 906 3497 1015 3561; x_wconf 88' lang='lat' dir='ltr'><strong>Versus</strong></span> <span class='ocrx_word' id='word_1_274' title='bbox 1040 3503 1103 3565; x_wconf 88' lang='lat' dir='ltr'><strong>ille:</strong></span> 
     </span>
    </p>
   </div>
   <div class='ocr_carea' id='block_1_6' title="bbox 755 3674 895 3754">
    <p class='ocr_par' dir='ltr' id='par_1_7' title="bbox 755 3674 895 3754">
     <span class='ocr_line' id='line_1_37' title="bbox 755 3674 895 3754; baseline 0 0"><span class='ocrx_word' id='word_1_275' title='bbox 755 3674 895 3754; x_wconf 63' lang='lat' dir='ltr'>A</span> 
     </span>
    </p>
   </div>
   <div class='ocr_carea' id='block_1_7' title="bbox 0 0 1204 3966">
    <p class='ocr_par' dir='ltr' id='par_1_8' title="bbox 0 0 1204 3966">
     <span class='ocr_line' id='line_1_38' title="bbox 0 0 1204 3966; baseline 0 2"><span class='ocrx_word' id='word_1_276' title='bbox 0 0 1204 3966; x_wconf 95' lang='lat' dir='ltr'><strong> </strong></span> 
     </span>
    </p>
   </div>
  </div>
 </body>
</html>
