<?xml version="1.0" encoding="UTF-8"?>
<!DOCTYPE html PUBLIC "-//W3C//DTD XHTML 1.0 Transitional//EN"
    "http://www.w3.org/TR/xhtml1/DTD/xhtml1-transitional.dtd">
<html xmlns="http://www.w3.org/1999/xhtml" xml:lang="en" lang="en">
 <head>
  <title>
</title>
<meta http-equiv="Content-Type" content="text/html;charset=utf-8" />
  <meta name='ocr-system' content='tesseract 3.04.00' />
  <meta name='ocr-capabilities' content='ocr_page ocr_carea ocr_par ocr_line ocrx_word'/>
</head>
<body>
  <div class='ocr_page' id='page_1' title='image "./virorumclarorum00thedgoog_0115.png"; bbox 0 0 2400 3966; ppageno 0'>
   <div class='ocr_carea' id='block_1_1' title="bbox 136 179 751 250">
    <p class='ocr_par' dir='ltr' id='par_1_1' title="bbox 136 179 751 250">
     <span class='ocr_line' id='line_1_1' title="bbox 136 179 751 250; baseline 0 -16"><span class='ocrx_word' id='word_1_1' title='bbox 136 179 180 245; x_wconf 85' lang='grc'>96</span> <span class='ocrx_word' id='word_1_2' title='bbox 524 180 558 236; x_wconf 93' lang='grc' dir='ltr'>Η.</span> <span class='ocrx_word' id='word_1_3' title='bbox 578 180 751 250; x_wconf 84' lang='lat' dir='ltr'>Thederingi</span> 
     </span>
    </p>
   </div>
   <div class='ocr_carea' id='block_1_2' title="bbox 136 329 1194 501">
    <p class='ocr_par' dir='ltr' id='par_1_2' title="bbox 136 329 1194 501">
     <span class='ocr_line' id='line_1_2' title="bbox 136 329 1194 411; baseline -0.001 -19"><span class='ocrx_word' id='word_1_4' title='bbox 136 350 253 411; x_wconf 88' lang='lat' dir='ltr'>quoque</span> <span class='ocrx_word' id='word_1_5' title='bbox 277 331 415 391; x_wconf 83' lang='lat' dir='ltr'>affectum</span> <span class='ocrx_word' id='word_1_6' title='bbox 441 329 541 390; x_wconf 89' lang='lat' dir='ltr'>verbis</span> <span class='ocrx_word' id='word_1_7' title='bbox 571 329 753 391; x_wconf 89' lang='lat' dir='ltr'>declaratum</span> <span class='ocrx_word' id='word_1_8' title='bbox 781 331 935 390; x_wconf 83' lang='lat' dir='ltr'>confirmet</span> <span class='ocrx_word' id='word_1_9' title='bbox 963 339 993 390; x_wconf 96' lang='lat' dir='ltr'>et</span> <span class='ocrx_word' id='word_1_10' title='bbox 1021 333 1155 410; x_wconf 87' lang='lat' dir='ltr'>apertius</span> <span class='ocrx_word' id='word_1_11' title='bbox 1191 362 1194 399; x_wconf 90' lang='grc'>;</span> 
     </span>
     <span class='ocr_line' id='line_1_3' title="bbox 136 419 1194 501; baseline 0 -21"><span class='ocrx_word' id='word_1_12' title='bbox 136 429 270 481; x_wconf 83' lang='lat' dir='ltr'>testetur.</span> <span class='ocrx_word' id='word_1_13' title='bbox 316 419 378 498; x_wconf 86' lang='lat' dir='ltr'>Ego</span> <span class='ocrx_word' id='word_1_14' title='bbox 402 421 523 480; x_wconf 85' lang='lat' dir='ltr'>interim</span> <span class='ocrx_word' id='word_1_15' title='bbox 551 419 636 480; x_wconf 93' lang='lat' dir='ltr'>illum</span> <span class='ocrx_word' id='word_1_16' title='bbox 663 427 694 480; x_wconf 92' lang='lat' dir='ltr'>et</span> <span class='ocrx_word' id='word_1_17' title='bbox 717 437 834 501; x_wconf 91' lang='lat' dir='ltr'>omnes,</span> <span class='ocrx_word' id='word_1_18' title='bbox 865 438 940 498; x_wconf 90' lang='lat' dir='ltr'>quos</span> <span class='ocrx_word' id='word_1_19' title='bbox 967 422 1028 479; x_wconf 91' lang='lat' dir='ltr'>mei</span> <span class='ocrx_word' id='word_1_20' title='bbox 1056 439 1156 480; x_wconf 93' lang='lat' dir='ltr'>aman·</span> <span class='ocrx_word' id='word_1_21' title='bbox 1185 450 1194 490; x_wconf 54' lang='grc' dir='ltr'>ι</span> 
     </span>
    </p>
   </div>
   <div class='ocr_carea' id='block_1_3' title="bbox 135 508 1194 679">
    <p class='ocr_par' dir='ltr' id='par_1_3' title="bbox 135 508 1194 679">
     <span class='ocr_line' id='line_1_4' title="bbox 135 508 1194 590; baseline 0.001 -21"><span class='ocrx_word' id='word_1_22' title='bbox 135 511 269 570; x_wconf 92' lang='lat' dir='ltr'>tissimos</span> <span class='ocrx_word' id='word_1_23' title='bbox 292 527 359 568; x_wconf 92' lang='lat' dir='ltr'>sum</span> <span class='ocrx_word' id='word_1_24' title='bbox 383 517 533 590; x_wconf 86' lang='lat' dir='ltr'>expertus,</span> <span class='ocrx_word' id='word_1_25' title='bbox 561 508 723 569; x_wconf 82' lang='lat' dir='ltr'>observabo</span> <span class='ocrx_word' id='word_1_26' title='bbox 753 515 783 569; x_wconf 89' lang='lat' dir='ltr'>et</span> <span class='ocrx_word' id='word_1_27' title='bbox 810 510 971 588; x_wconf 82' lang='lat' dir='ltr'>suspiciam</span> <span class='ocrx_word' id='word_1_28' title='bbox 999 518 1154 588; x_wconf 89' lang='lat' dir='ltr'>perpetuo.</span> <span class='ocrx_word' id='word_1_29' title='bbox 1184 540 1194 579; x_wconf 60' lang='grc' dir='ltr'>ξ</span> 
     </span>
     <span class='ocr_line' id='line_1_5' title="bbox 136 595 778 679; baseline 0.002 -23"><span class='ocrx_word' id='word_1_30' title='bbox 136 598 215 679; x_wconf 92' lang='lat' dir='ltr'>Vale,</span> <span class='ocrx_word' id='word_1_31' title='bbox 237 598 288 658; x_wconf 92' lang='lat' dir='ltr'>Vir</span> <span class='ocrx_word' id='word_1_32' title='bbox 311 597 459 679; x_wconf 84' lang='lat' dir='ltr'>Ampliss,</span> <span class='ocrx_word' id='word_1_33' title='bbox 480 595 590 659; x_wconf 88' lang='lat' dir='ltr'>Fautor</span> <span class='ocrx_word' id='word_1_34' title='bbox 614 595 679 676; x_wconf 84' lang='lat' dir='ltr'>Opt.</span> <span class='ocrx_word' id='word_1_35' title='bbox 703 597 778 658; x_wconf 87' lang='lat' dir='ltr'>Max.</span> 
     </span>
    </p>
   </div>
   <div class='ocr_carea' id='block_1_4' title="bbox 180 719 1194 803">
    <p class='ocr_par' dir='ltr' id='par_1_4' title="bbox 180 719 1194 803">
     <span class='ocr_line' id='line_1_6' title="bbox 180 719 1194 803; baseline 0.002 -21"><span class='ocrx_word' id='word_1_36' title='bbox 180 722 291 782; x_wconf 82' lang='lat' dir='ltr'>Dabam</span> <span class='ocrx_word' id='word_1_37' title='bbox 314 721 488 803; x_wconf 88' lang='lat' dir='ltr'>Altorphi,</span> <span class='ocrx_word' id='word_1_38' title='bbox 511 721 588 801; x_wconf 87' lang='lat' dir='ltr'>prid.</span> <span class='ocrx_word' id='word_1_39' title='bbox 612 721 686 782; x_wconf 91' lang='lat' dir='ltr'>Non.</span> <span class='ocrx_word' id='word_1_40' title='bbox 710 721 780 781; x_wconf 88' lang='lat' dir='ltr'>Maii</span> <span class='ocrx_word' id='word_1_41' title='bbox 803 740 846 782; x_wconf 93' lang='lat' dir='ltr'>ao.</span> <span class='ocrx_word' id='word_1_42' title='bbox 871 725 983 801; x_wconf 89' lang='lat' dir='ltr'>gratiae</span> <span class='ocrx_word' id='word_1_43' title='bbox 1009 719 1105 786; x_wconf 89' lang='grc'><strong>1616.</strong></span> <span class='ocrx_word' id='word_1_44' title='bbox 1188 723 1194 741; x_wconf 87' lang='grc'>““</span> 
     </span>
    </p>
   </div>
   <div class='ocr_carea' id='block_1_5' title="bbox 416 845 1194 1015">
    <p class='ocr_par' dir='ltr' id='par_1_5' title="bbox 416 845 1194 1015">
     <span class='ocr_line' id='line_1_7' title="bbox 416 845 1022 908; baseline 0.005 -4"><span class='ocrx_word' id='word_1_45' title='bbox 416 845 448 906; x_wconf 89' lang='lat' dir='ltr'>V.</span> <span class='ocrx_word' id='word_1_46' title='bbox 472 845 507 907; x_wconf 88' lang='lat' dir='ltr'>N.</span> <span class='ocrx_word' id='word_1_47' title='bbox 531 854 561 907; x_wconf 93' lang='lat' dir='ltr'>et</span> <span class='ocrx_word' id='word_1_48' title='bbox 584 846 615 907; x_wconf 93' lang='lat' dir='ltr'>A.</span> <span class='ocrx_word' id='word_1_49' title='bbox 640 848 722 906; x_wconf 92' lang='lat' dir='ltr'>omni</span> <span class='ocrx_word' id='word_1_50' title='bbox 745 848 866 907; x_wconf 91' lang='lat' dir='ltr'>nomine</span> <span class='ocrx_word' id='word_1_51' title='bbox 889 855 920 908; x_wconf 89' lang='lat' dir='ltr'>et</span> <span class='ocrx_word' id='word_1_52' title='bbox 942 866 1022 908; x_wconf 86' lang='lat' dir='ltr'>nexu</span> 
     </span>
     <span class='ocr_line' id='line_1_8' title="bbox 515 934 1194 1015; baseline 0.003 -20"><span class='ocrx_word' id='word_1_53' title='bbox 515 934 738 996; x_wconf 89' lang='lat' dir='ltr'>Hermannus</span> <span class='ocrx_word' id='word_1_54' title='bbox 762 935 987 1015; x_wconf 83' lang='lat' dir='ltr'>Tederingus</span> <span class='ocrx_word' id='word_1_55' title='bbox 1012 935 1110 997; x_wconf 87' lang='lat' dir='ltr'>Dant.</span> <span class='ocrx_word' id='word_1_56' title='bbox 1188 939 1194 977; x_wconf 68' lang='lat'>·,</span> 
     </span>
    </p>
   </div>
   <div class='ocr_carea' id='block_1_6' title="bbox 363 1177 925 1266">
    <p class='ocr_par' dir='ltr' id='par_1_6' title="bbox 363 1177 925 1266">
     <span class='ocr_line' id='line_1_9' title="bbox 363 1177 925 1266; baseline 0 -19"><span class='ocrx_word' id='word_1_57' title='bbox 363 1177 412 1249; x_wconf 81' lang='lat'>72.</span> <span class='ocrx_word' id='word_1_58' title='bbox 444 1179 481 1248; x_wconf 89' lang='grc' dir='ltr'>Η.</span> <span class='ocrx_word' id='word_1_59' title='bbox 504 1179 732 1266; x_wconf 74' lang='lat' dir='ltr'>Vbaleringus</span> <span class='ocrx_word' id='word_1_60' title='bbox 757 1180 792 1250; x_wconf 73' lang='lat' dir='ltr'>(i.</span> <span class='ocrx_word' id='word_1_61' title='bbox 815 1180 925 1249; x_wconf 88' lang='lat' dir='ltr'>Remo.</span> 
     </span>
    </p>
   </div>
   <div class='ocr_carea' id='block_1_7' title="bbox 138 1267 1194 1373">
    <p class='ocr_par' dir='ltr' id='par_1_7' title="bbox 138 1267 1194 1373">
     <span class='ocr_line' id='line_1_10' title="bbox 138 1267 1194 1373; baseline 0.009 -15"><span class='ocrx_word' id='word_1_62' title='bbox 138 1303 404 1373; x_wconf 84' lang='lat' dir='ltr'>Heidelbergae.</span> <span class='ocrx_word' id='word_1_63' title='bbox 952 1309 977 1359; x_wconf 81' lang='lat'>2.</span> <span class='ocrx_word' id='word_1_64' title='bbox 997 1302 1057 1360; x_wconf 83' lang='lat' dir='ltr'>lau.</span> <span class='ocrx_word' id='word_1_65' title='bbox 1078 1267 1194 1367; x_wconf 54' lang='lat' dir='ltr'>1618.ss</span> 
     </span>
    </p>
   </div>
   <div class='ocr_carea' id='block_1_8' title="bbox 138 1397 1194 3712">
    <p class='ocr_par' dir='ltr' id='par_1_8' title="bbox 138 1397 1194 1569">
     <span class='ocr_line' id='line_1_11' title="bbox 206 1397 1194 1482; baseline -0.001 -22"><span class='ocrx_word' id='word_1_66' title='bbox 206 1398 316 1460; x_wconf 87' lang='lat' dir='ltr'>..Iln</span> <span class='ocrx_word' id='word_1_67' title='bbox 345 1399 472 1477; x_wconf 82' lang='lat' dir='ltr'>Georgia</span> <span class='ocrx_word' id='word_1_68' title='bbox 499 1397 593 1459; x_wconf 86' lang='lat' dir='ltr'>Remo</span> <span class='ocrx_word' id='word_1_69' title='bbox 618 1397 778 1460; x_wconf 93' lang='lat' dir='ltr'>..inclito</span> <span class='ocrx_word' id='word_1_70' title='bbox 807 1398 931 1459; x_wconf 88' lang='lat' dir='ltr'>Senatui</span> <span class='ocrx_word' id='word_1_71' title='bbox 958 1397 1043 1478; x_wconf 93' lang='lat' dir='ltr'>Reip.</span> <span class='ocrx_word' id='word_1_72' title='bbox 1071 1399 1157 1459; x_wconf 92' lang='lat' dir='ltr'>Nori·</span> <span class='ocrx_word' id='word_1_73' title='bbox 1185 1440 1194 1482; x_wconf 50' lang='grc' dir='ltr'><strong>ἱ</strong></span> 
     </span>
     <span class='ocr_line' id='line_1_12' title="bbox 138 1486 1192 1569; baseline 0 -21"><span class='ocrx_word' id='word_1_74' title='bbox 138 1487 294 1567; x_wconf 84' lang='lat' dir='ltr'>bergensis</span> <span class='ocrx_word' id='word_1_75' title='bbox 317 1507 334 1548; x_wconf 95' lang='lat' dir='ltr'>a</span> <span class='ocrx_word' id='word_1_76' title='bbox 357 1487 497 1548; x_wconf 88' lang='lat' dir='ltr'>Consiliis</span> <span class='ocrx_word' id='word_1_77' title='bbox 520 1489 634 1548; x_wconf 91' lang='lat' dir='ltr'>intimis</span> <span class='ocrx_word' id='word_1_78' title='bbox 658 1535 664 1548; x_wconf 92' lang='lat'>.</span> <span class='ocrx_word' id='word_1_79' title='bbox 685 1535 692 1548; x_wconf 91' lang='lat'>.</span> <span class='ocrx_word' id='word_1_80' title='bbox 715 1486 882 1566; x_wconf 82' lang='lat' dir='ltr'>Nvirnberg.</span> <span class='ocrx_word' id='word_1_81' title='bbox 1185 1544 1192 1569; x_wconf 66' lang='lat'>,</span> 
     </span>
    </p>

    <p class='ocr_par' dir='ltr' id='par_1_9' title="bbox 138 1575 1194 3712">
     <span class='ocr_line' id='line_1_13' title="bbox 204 1575 1189 1658; baseline 0.003 -22"><span class='ocrx_word' id='word_1_82' title='bbox 204 1577 394 1656; x_wconf 89' lang='lat' dir='ltr'>Amplissime</span> <span class='ocrx_word' id='word_1_83' title='bbox 409 1575 462 1637; x_wconf 87' lang='lat' dir='ltr'>Dn.</span> <span class='ocrx_word' id='word_1_84' title='bbox 476 1576 585 1638; x_wconf 90' lang='lat' dir='ltr'>Doctor</span> <span class='ocrx_word' id='word_1_85' title='bbox 599 1576 699 1658; x_wconf 85' lang='lat' dir='ltr'>Reme,</span> <span class='ocrx_word' id='word_1_86' title='bbox 719 1575 829 1638; x_wconf 88' lang='lat' dir='ltr'>Fautor</span> <span class='ocrx_word' id='word_1_87' title='bbox 848 1584 1003 1639; x_wconf 89' lang='lat' dir='ltr'>aeternum</span> <span class='ocrx_word' id='word_1_88' title='bbox 1022 1577 1154 1639; x_wconf 90' lang='lat' dir='ltr'>colende.</span> <span class='ocrx_word' id='word_1_89' title='bbox 1186 1634 1189 1639; x_wconf 89' lang='lat'>.</span> 
     </span>
     <span class='ocr_line' id='line_1_14' title="bbox 138 1665 1189 1745; baseline 0.001 -20"><span class='ocrx_word' id='word_1_90' title='bbox 138 1665 205 1726; x_wconf 84' lang='lat' dir='ltr'>lVon</span> <span class='ocrx_word' id='word_1_91' title='bbox 228 1667 285 1726; x_wconf 88' lang='lat' dir='ltr'>luit</span> <span class='ocrx_word' id='word_1_92' title='bbox 308 1668 428 1726; x_wconf 93' lang='lat' dir='ltr'>omnino</span> <span class='ocrx_word' id='word_1_93' title='bbox 461 1665 498 1725; x_wconf 91' lang='lat' dir='ltr'>de</span> <span class='ocrx_word' id='word_1_94' title='bbox 526 1665 619 1726; x_wconf 89' lang='lat' dir='ltr'>nihilo</span> <span class='ocrx_word' id='word_1_95' title='bbox 650 1684 751 1726; x_wconf 89' lang='lat' dir='ltr'>meum</span> <span class='ocrx_word' id='word_1_96' title='bbox 778 1666 815 1727; x_wconf 90' lang='lat' dir='ltr'>de</span> <span class='ocrx_word' id='word_1_97' title='bbox 844 1665 1025 1727; x_wconf 89' lang='lat' dir='ltr'>diuturniori</span> <span class='ocrx_word' id='word_1_98' title='bbox 1059 1674 1090 1728; x_wconf 91' lang='lat' dir='ltr'>et</span> <span class='ocrx_word' id='word_1_99' title='bbox 1112 1669 1156 1726; x_wconf 92' lang='lat' dir='ltr'>in·</span> <span class='ocrx_word' id='word_1_100' title='bbox 1185 1738 1189 1745; x_wconf 22' lang='grc' dir='ltr'>ι</span> 
     </span>
     <span class='ocr_line' id='line_1_15' title="bbox 140 1753 1194 1836; baseline 0.002 -22"><span class='ocrx_word' id='word_1_101' title='bbox 140 1762 223 1815; x_wconf 90' lang='lat' dir='ltr'>sueto</span> <span class='ocrx_word' id='word_1_102' title='bbox 247 1755 278 1815; x_wconf 93' lang='lat' dir='ltr'>A.</span> <span class='ocrx_word' id='word_1_103' title='bbox 297 1754 328 1814; x_wconf 91' lang='lat' dir='ltr'>V.</span> <span class='ocrx_word' id='word_1_104' title='bbox 357 1753 476 1815; x_wconf 91' lang='lat' dir='ltr'>silentio</span> <span class='ocrx_word' id='word_1_105' title='bbox 504 1754 615 1815; x_wconf 92' lang='lat' dir='ltr'>malum</span> <span class='ocrx_word' id='word_1_106' title='bbox 642 1773 744 1836; x_wconf 93' lang='lat' dir='ltr'>omen,</span> <span class='ocrx_word' id='word_1_107' title='bbox 772 1773 831 1834; x_wconf 92' lang='lat' dir='ltr'>quo</span> <span class='ocrx_word' id='word_1_108' title='bbox 854 1755 886 1815; x_wconf 98' lang='lat' dir='ltr'>A.</span> <span class='ocrx_word' id='word_1_109' title='bbox 905 1754 936 1816; x_wconf 88' lang='lat' dir='ltr'>V.</span> <span class='ocrx_word' id='word_1_110' title='bbox 964 1754 1012 1816; x_wconf 91' lang='lat' dir='ltr'>vel</span> <span class='ocrx_word' id='word_1_111' title='bbox 1039 1773 1157 1835; x_wconf 83' lang='lat' dir='ltr'>aegram</span> <span class='ocrx_word' id='word_1_112' title='bbox 1185 1784 1194 1835; x_wconf 47' lang='grc' dir='ltr'>ι’</span> 
     </span>
     <span class='ocr_line' id='line_1_16' title="bbox 139 1837 1194 1925; baseline 0 -22"><span class='ocrx_word' id='word_1_113' title='bbox 139 1843 186 1904; x_wconf 92' lang='lat' dir='ltr'>vel</span> <span class='ocrx_word' id='word_1_114' title='bbox 209 1850 359 1922; x_wconf 84' lang='lat' dir='ltr'>aegrotam</span> <span class='ocrx_word' id='word_1_115' title='bbox 382 1843 593 1904; x_wconf 90' lang='lat' dir='ltr'>coniectabam.</span> <span class='ocrx_word' id='word_1_116' title='bbox 630 1843 688 1905; x_wconf 87' lang='lat' dir='ltr'>Diu</span> <span class='ocrx_word' id='word_1_117' title='bbox 711 1845 791 1905; x_wconf 91' lang='lat' dir='ltr'>enim</span> <span class='ocrx_word' id='word_1_118' title='bbox 813 1842 1000 1924; x_wconf 91' lang='lat' dir='ltr'>multumque</span> <span class='ocrx_word' id='word_1_119' title='bbox 1024 1844 1061 1905; x_wconf 92' lang='lat' dir='ltr'>de</span> <span class='ocrx_word' id='word_1_120' title='bbox 1078 1845 1111 1905; x_wconf 96' lang='lat' dir='ltr'>A.</span> <span class='ocrx_word' id='word_1_121' title='bbox 1125 1844 1156 1904; x_wconf 95' lang='lat' dir='ltr'>V.</span> <span class='ocrx_word' id='word_1_122' title='bbox 1185 1837 1194 1925; x_wconf 64' lang='lat' dir='ltr'>J</span> 
     </span>
     <span class='ocr_line' id='line_1_17' title="bbox 140 1926 1194 2017; baseline 0.002 -25"><span class='ocrx_word' id='word_1_123' title='bbox 140 1932 233 1993; x_wconf 92' lang='lat' dir='ltr'>salute</span> <span class='ocrx_word' id='word_1_124' title='bbox 257 1941 288 1993; x_wconf 92' lang='lat' dir='ltr'>et</span> <span class='ocrx_word' id='word_1_125' title='bbox 314 1935 373 1993; x_wconf 91' lang='lat' dir='ltr'>vita</span> <span class='ocrx_word' id='word_1_126' title='bbox 401 1932 527 1993; x_wconf 89' lang='lat' dir='ltr'>sollicito</span> <span class='ocrx_word' id='word_1_127' title='bbox 556 1932 642 2014; x_wconf 92' lang='lat' dir='ltr'>mihi,</span> <span class='ocrx_word' id='word_1_128' title='bbox 671 1931 876 2012; x_wconf 90' lang='lat' dir='ltr'>superioribus</span> <span class='ocrx_word' id='word_1_129' title='bbox 903 1933 1024 1994; x_wconf 89' lang='lat' dir='ltr'>tandem</span> <span class='ocrx_word' id='word_1_130' title='bbox 1052 1933 1156 1994; x_wconf 90' lang='lat' dir='ltr'>diebus</span> <span class='ocrx_word' id='word_1_131' title='bbox 1184 1926 1194 2017; x_wconf 37' lang='grc' dir='ltr'>ι’</span> 
     </span>
     <span class='ocr_line' id='line_1_18' title="bbox 138 2017 1194 2103; baseline 0.002 -22"><span class='ocrx_word' id='word_1_132' title='bbox 138 2024 282 2083; x_wconf 90' lang='lat' dir='ltr'>iacturam</span> <span class='ocrx_word' id='word_1_133' title='bbox 305 2021 410 2082; x_wconf 89' lang='lat' dir='ltr'>domus</span> <span class='ocrx_word' id='word_1_134' title='bbox 433 2029 549 2082; x_wconf 90' lang='lat' dir='ltr'>vestrae</span> <span class='ocrx_word' id='word_1_135' title='bbox 572 2021 804 2103; x_wconf 85' lang='lat' dir='ltr'>irreparabilem,</span> <span class='ocrx_word' id='word_1_136' title='bbox 832 2017 1013 2101; x_wconf 72' lang='lat' dir='ltr'>coniugis‘⁶⁵</span> <span class='ocrx_word' id='word_1_137' title='bbox 1038 2025 1194 2091; x_wconf 76' lang='lat' dir='ltr'>carissi.</span> 
     </span>
     <span class='ocr_line' id='line_1_19' title="bbox 139 2110 1194 2199; baseline 0 -27"><span class='ocrx_word' id='word_1_138' title='bbox 139 2129 205 2172; x_wconf 91' lang='lat' dir='ltr'>mae</span> <span class='ocrx_word' id='word_1_139' title='bbox 228 2110 290 2172; x_wconf 91' lang='lat' dir='ltr'>luct</span> <span class='ocrx_word' id='word_1_140' title='bbox 277 2118 397 2172; x_wconf 91' lang='lat' dir='ltr'>tuosum</span> <span class='ocrx_word' id='word_1_141' title='bbox 420 2110 483 2171; x_wconf 92' lang='lat' dir='ltr'>obit</span> <span class='ocrx_word' id='word_1_142' title='bbox 470 2115 533 2172; x_wconf 93' lang='lat' dir='ltr'>tum</span> <span class='ocrx_word' id='word_1_143' title='bbox 556 2113 732 2172; x_wconf 91' lang='lat' dir='ltr'>nuntiarunt</span> <span class='ocrx_word' id='word_1_144' title='bbox 719 2110 824 2171; x_wconf 86' lang='lat' dir='ltr'>t.Rev</span> <span class='ocrx_word' id='word_1_145' title='bbox 848 2118 878 2172; x_wconf 90' lang='lat' dir='ltr'>et</span> <span class='ocrx_word' id='word_1_146' title='bbox 865 2110 942 2172; x_wconf 88' lang='lat' dir='ltr'>t.Cl</span> <span class='ocrx_word' id='word_1_147' title='bbox 962 2110 1046 2172; x_wconf 86' lang='lat' dir='ltr'>Doct</span> <span class='ocrx_word' id='word_1_148' title='bbox 1065 2111 1194 2199; x_wconf 90' lang='lat' dir='ltr'>Altin-</span> 
     </span>
     <span class='ocr_line' id='line_1_20' title="bbox 141 2193 1194 2304; baseline 0.001 -43"><span class='ocrx_word' id='word_1_149' title='bbox 141 2194 295 2304; x_wconf 77' lang='lat' dir='ltr'>gus⁴⁰⁶et</span> <span class='ocrx_word' id='word_1_150' title='bbox 282 2195 487 2261; x_wconf 56' lang='lat' dir='ltr'>admissis&gt;</span> <span class='ocrx_word' id='word_1_151' title='bbox 511 2198 595 2261; x_wconf 89' lang='lat' dir='ltr'>etF</span> <span class='ocrx_word' id='word_1_152' title='bbox 619 2199 675 2260; x_wconf 87' lang='lat' dir='ltr'>Got</span> <span class='ocrx_word' id='word_1_153' title='bbox 676 2193 838 2260; x_wconf 61' lang='grc' dir='ltr'>ιιοιιιιιιί4ῠῖ</span> <span class='ocrx_word' id='word_1_154' title='bbox 859 2207 928 2261; x_wconf 90' lang='lat' dir='ltr'>nost</span> <span class='ocrx_word' id='word_1_155' title='bbox 929 2203 964 2262; x_wconf 92' lang='lat' dir='ltr'>ri.</span> <span class='ocrx_word' id='word_1_156' title='bbox 1005 2201 1157 2280; x_wconf 86' lang='lat' dir='ltr'>Tanquam</span> <span class='ocrx_word' id='word_1_157' title='bbox 1186 2244 1194 2290; x_wconf 82' lang='lat'>,</span> 
     </span>
     <span class='ocr_line' id='line_1_21' title="bbox 140 2288 1194 2379; baseline 0.001 -30"><span class='ocrx_word' id='word_1_158' title='bbox 140 2292 173 2349; x_wconf 93' lang='lat' dir='ltr'>in</span> <span class='ocrx_word' id='word_1_159' title='bbox 204 2289 287 2351; x_wconf 91' lang='lat' dir='ltr'>luctu</span> <span class='ocrx_word' id='word_1_160' title='bbox 320 2292 470 2350; x_wconf 91' lang='lat' dir='ltr'>communi</span> <span class='ocrx_word' id='word_1_161' title='bbox 502 2288 584 2350; x_wconf 91' lang='lat' dir='ltr'>dolui</span> <span class='ocrx_word' id='word_1_162' title='bbox 615 2290 880 2350; x_wconf 88' lang='lat' dir='ltr'>vehementert</span> <span class='ocrx_word' id='word_1_163' title='bbox 840 2297 880 2350; x_wconf 79' lang='grc' dir='ltr'>ιιι</span> <span class='ocrx_word' id='word_1_164' title='bbox 881 2307 929 2350; x_wconf 92' lang='lat' dir='ltr'>am</span> <span class='ocrx_word' id='word_1_165' title='bbox 960 2289 1157 2352; x_wconf 81' lang='lat' dir='ltr'>calamitatem</span> <span class='ocrx_word' id='word_1_166' title='bbox 1186 2336 1194 2379; x_wconf 83' lang='lat'>,</span> 
     </span>
     <span class='ocr_line' id='line_1_22' title="bbox 138 2377 1194 2468; baseline 0 -30"><span class='ocrx_word' id='word_1_167' title='bbox 138 2379 334 2440; x_wconf 83' lang='lat' dir='ltr'>domesticam</span> <span class='ocrx_word' id='word_1_168' title='bbox 349 2386 378 2440; x_wconf 88' lang='lat' dir='ltr'>et</span> <span class='ocrx_word' id='word_1_169' title='bbox 393 2380 594 2459; x_wconf 91' lang='lat' dir='ltr'>inopinatum</span> <span class='ocrx_word' id='word_1_170' title='bbox 593 2396 762 2439; x_wconf 89' lang='lat' dir='ltr'>moerorem</span> <span class='ocrx_word' id='word_1_171' title='bbox 775 2378 807 2440; x_wconf 98' lang='lat' dir='ltr'>A</span> <span class='ocrx_word' id='word_1_172' title='bbox 817 2378 872 2438; x_wconf 94' lang='lat' dir='ltr'>V.</span> <span class='ocrx_word' id='word_1_173' title='bbox 863 2396 895 2438; x_wconf 92' lang='lat' dir='ltr'>m</span> <span class='ocrx_word' id='word_1_174' title='bbox 908 2377 964 2439; x_wconf 87' lang='lat' dir='ltr'>lrac</span> <span class='ocrx_word' id='word_1_175' title='bbox 977 2380 1158 2459; x_wconf 86' lang='lat' dir='ltr'>provectiori</span> <span class='ocrx_word' id='word_1_176' title='bbox 1187 2424 1194 2468; x_wconf 85' lang='lat'>,</span> 
     </span>
     <span class='ocr_line' id='line_1_23' title="bbox 141 2467 1192 2551; baseline -0.001 -23"><span class='ocrx_word' id='word_1_177' title='bbox 141 2469 230 2528; x_wconf 91' lang='lat' dir='ltr'>etad</span> <span class='ocrx_word' id='word_1_178' title='bbox 254 2471 371 2529; x_wconf 92' lang='lat' dir='ltr'>senium</span> <span class='ocrx_word' id='word_1_179' title='bbox 393 2475 533 2547; x_wconf 89' lang='lat' dir='ltr'>vergente</span> <span class='ocrx_word' id='word_1_180' title='bbox 557 2475 651 2528; x_wconf 91' lang='lat' dir='ltr'>aetate</span> <span class='ocrx_word' id='word_1_181' title='bbox 675 2467 826 2548; x_wconf 77' lang='lat' dir='ltr'>afflixisse,</span> <span class='ocrx_word' id='word_1_182' title='bbox 850 2485 925 2548; x_wconf 89' lang='lat' dir='ltr'>quae</span> <span class='ocrx_word' id='word_1_183' title='bbox 948 2485 1091 2530; x_wconf 91' lang='lat' dir='ltr'>curarum</span> <span class='ocrx_word' id='word_1_184' title='bbox 1114 2475 1192 2551; x_wconf 79' lang='lat' dir='ltr'>sat,</span> 
     </span>
     <span class='ocr_line' id='line_1_24' title="bbox 141 2559 1194 2647; baseline 0.002 -31"><span class='ocrx_word' id='word_1_185' title='bbox 141 2565 208 2617; x_wconf 89' lang='lat' dir='ltr'>ante</span> <span class='ocrx_word' id='word_1_186' title='bbox 233 2560 365 2636; x_wconf 92' lang='lat' dir='ltr'>gravium</span> <span class='ocrx_word' id='word_1_187' title='bbox 387 2559 636 2639; x_wconf 90' lang='lat' dir='ltr'>imminutionem</span> <span class='ocrx_word' id='word_1_188' title='bbox 659 2575 719 2617; x_wconf 91' lang='lat' dir='ltr'>non</span> <span class='ocrx_word' id='word_1_189' title='bbox 742 2564 935 2635; x_wconf 90' lang='lat' dir='ltr'>augmentum</span> <span class='ocrx_word' id='word_1_190' title='bbox 953 2575 1077 2636; x_wconf 89' lang='lat' dir='ltr'>sperare</span> <span class='ocrx_word' id='word_1_191' title='bbox 1099 2559 1194 2647; x_wconf 81' lang='lat' dir='ltr'>iam,</span> 
     </span>
     <span class='ocr_line' id='line_1_25' title="bbox 141 2632 1194 2727; baseline 0 -22"><span class='ocrx_word' id='word_1_192' title='bbox 141 2645 276 2706; x_wconf 90' lang='lat' dir='ltr'>debehat.</span> <span class='ocrx_word' id='word_1_193' title='bbox 255 2646 515 2725; x_wconf 90' lang='lat' dir='ltr'>Ctogitaham</span> <span class='ocrx_word' id='word_1_194' title='bbox 507 2664 631 2725; x_wconf 82' lang='lat' dir='ltr'>insuper</span> <span class='ocrx_word' id='word_1_195' title='bbox 653 2644 721 2707; x_wconf 92' lang='lat' dir='ltr'>de</span> <span class='ocrx_word' id='word_1_196' title='bbox 712 2648 760 2727; x_wconf 85' lang='lat' dir='ltr'>ris,</span> <span class='ocrx_word' id='word_1_197' title='bbox 783 2664 860 2724; x_wconf 90' lang='lat' dir='ltr'>quae</span> <span class='ocrx_word' id='word_1_198' title='bbox 883 2645 1017 2706; x_wconf 90' lang='lat' dir='ltr'>dolorem</span> <span class='ocrx_word' id='word_1_199' title='bbox 1035 2645 1157 2708; x_wconf 89' lang='lat' dir='ltr'>hunc</span> <span class='ocrx_word' id='word_1_200' title='bbox 1134 2632 1194 2719; x_wconf 70' lang='lat' dir='ltr'>si,¹</span> 
     </span>
     <span class='ocr_line' id='line_1_26' title="bbox 140 2722 1194 2839; baseline 0.002 -45"><span class='ocrx_word' id='word_1_201' title='bbox 140 2751 201 2794; x_wconf 90' lang='lat' dir='ltr'>non</span> <span class='ocrx_word' id='word_1_202' title='bbox 225 2735 405 2796; x_wconf 90' lang='lat' dir='ltr'>auierretot</span> <span class='ocrx_word' id='word_1_203' title='bbox 361 2742 466 2817; x_wconf 90' lang='lat' dir='ltr'>totum,</span> <span class='ocrx_word' id='word_1_204' title='bbox 489 2735 594 2796; x_wconf 90' lang='lat' dir='ltr'>saltem</span> <span class='ocrx_word' id='word_1_205' title='bbox 611 2734 711 2814; x_wconf 90' lang='lat' dir='ltr'>aliqua</span> <span class='ocrx_word' id='word_1_206' title='bbox 728 2742 812 2814; x_wconf 89' lang='lat' dir='ltr'>parte</span> <span class='ocrx_word' id='word_1_207' title='bbox 831 2734 929 2795; x_wconf 90' lang='lat' dir='ltr'>levare</span> <span class='ocrx_word' id='word_1_208' title='bbox 946 2743 1084 2839; x_wconf 73' lang='lat' dir='ltr'>possent,</span> <span class='ocrx_word' id='word_1_209' title='bbox 1107 2722 1194 2823; x_wconf 93' lang='lat' dir='ltr'>sed</span> 
     </span>
     <span class='ocr_line' id='line_1_27' title="bbox 141 2823 1194 2906; baseline 0.001 -22"><span class='ocrx_word' id='word_1_210' title='bbox 141 2823 222 2884; x_wconf 92' lang='lat' dir='ltr'>nulla</span> <span class='ocrx_word' id='word_1_211' title='bbox 245 2824 468 2906; x_wconf 79' lang='lat' dir='ltr'>succurrebant,</span> <span class='ocrx_word' id='word_1_212' title='bbox 491 2842 566 2904; x_wconf 90' lang='lat' dir='ltr'>quae</span> <span class='ocrx_word' id='word_1_213' title='bbox 589 2825 620 2884; x_wconf 91' lang='lat' dir='ltr'>A.</span> <span class='ocrx_word' id='word_1_214' title='bbox 639 2824 670 2885; x_wconf 95' lang='lat' dir='ltr'>V.</span> <span class='ocrx_word' id='word_1_215' title='bbox 694 2842 748 2903; x_wconf 96' lang='lat' dir='ltr'>pro</span> <span class='ocrx_word' id='word_1_216' title='bbox 768 2825 917 2884; x_wconf 91' lang='lat' dir='ltr'>constanti</span> <span class='ocrx_word' id='word_1_217' title='bbox 892 2825 1028 2884; x_wconf 91' lang='lat' dir='ltr'>tanimi</span> <span class='ocrx_word' id='word_1_218' title='bbox 1046 2826 1194 2904; x_wconf 90' lang='lat' dir='ltr'>magni·</span> 
     </span>
     <span class='ocr_line' id='line_1_28' title="bbox 142 2912 1194 2991; baseline 0.002 -19"><span class='ocrx_word' id='word_1_219' title='bbox 142 2912 244 2973; x_wconf 90' lang='lat' dir='ltr'>tudine</span> <span class='ocrx_word' id='word_1_220' title='bbox 268 2921 298 2973; x_wconf 95' lang='lat' dir='ltr'>et</span> <span class='ocrx_word' id='word_1_221' title='bbox 320 2914 495 2974; x_wconf 80' lang='lat' dir='ltr'>inexhausta</span> <span class='ocrx_word' id='word_1_222' title='bbox 522 2912 657 2974; x_wconf 90' lang='lat' dir='ltr'>doctrina</span> <span class='ocrx_word' id='word_1_223' title='bbox 684 2931 745 2974; x_wconf 94' lang='lat' dir='ltr'>non</span> <span class='ocrx_word' id='word_1_224' title='bbox 767 2919 869 2974; x_wconf 89' lang='lat' dir='ltr'>essent</span> <span class='ocrx_word' id='word_1_225' title='bbox 895 2914 956 2974; x_wconf 90' lang='lat' dir='ltr'>iam</span> <span class='ocrx_word' id='word_1_226' title='bbox 974 2921 1044 2974; x_wconf 90' lang='lat' dir='ltr'>ante</span> <span class='ocrx_word' id='word_1_227' title='bbox 1066 2915 1194 2991; x_wconf 82' lang='grc' dir='ltr'>ιιοιιι·</span> 
     </span>
     <span class='ocr_line' id='line_1_29' title="bbox 143 3001 1159 3082; baseline 0 -20"><span class='ocrx_word' id='word_1_228' title='bbox 143 3004 225 3063; x_wconf 90' lang='lat' dir='ltr'>sima.</span> <span class='ocrx_word' id='word_1_229' title='bbox 272 3002 347 3073; x_wconf 84' lang='lat' dir='ltr'>Quia</span> <span class='ocrx_word' id='word_1_230' title='bbox 369 3010 469 3062; x_wconf 91' lang='lat' dir='ltr'>tamen</span> <span class='ocrx_word' id='word_1_231' title='bbox 496 3005 590 3063; x_wconf 91' lang='lat' dir='ltr'>menti</span> <span class='ocrx_word' id='word_1_232' title='bbox 617 3002 804 3082; x_wconf 89' lang='lat' dir='ltr'>aegritudine</span> <span class='ocrx_word' id='word_1_233' title='bbox 831 3001 913 3063; x_wconf 86' lang='lat' dir='ltr'>velut</span> <span class='ocrx_word' id='word_1_234' title='bbox 939 3019 1103 3082; x_wconf 89' lang='lat' dir='ltr'>oppressae</span> <span class='ocrx_word' id='word_1_235' title='bbox 1126 3021 1159 3062; x_wconf 92' lang='lat' dir='ltr'>ac</span> 
     </span>
     <span class='ocr_line' id='line_1_30' title="bbox 142 3084 1194 3172; baseline -0.001 -22"><span class='ocrx_word' id='word_1_236' title='bbox 142 3091 275 3170; x_wconf 90' lang='lat' dir='ltr'>sepultae</span> <span class='ocrx_word' id='word_1_237' title='bbox 297 3109 359 3151; x_wconf 90' lang='lat' dir='ltr'>non</span> <span class='ocrx_word' id='word_1_238' title='bbox 382 3090 540 3153; x_wconf 89' lang='lat' dir='ltr'>obversant</span> <span class='ocrx_word' id='word_1_239' title='bbox 527 3098 577 3151; x_wconf 91' lang='lat' dir='ltr'>tur</span> <span class='ocrx_word' id='word_1_240' title='bbox 600 3110 689 3171; x_wconf 89' lang='lat' dir='ltr'>saepe</span> <span class='ocrx_word' id='word_1_241' title='bbox 711 3093 790 3153; x_wconf 92' lang='lat' dir='ltr'>iusta</span> <span class='ocrx_word' id='word_1_242' title='bbox 813 3090 898 3152; x_wconf 91' lang='lat' dir='ltr'>solat</span> <span class='ocrx_word' id='word_1_243' title='bbox 876 3097 927 3172; x_wconf 82' lang='lat' dir='ltr'>tra,</span> <span class='ocrx_word' id='word_1_244' title='bbox 950 3084 1194 3169; x_wconf 78' lang='grc' dir='ltr'><em>συμπαθείας</em></span> <span class='ocrx_word' id='word_1_245' title='bbox 1192 3142 1194 3149; x_wconf 88' lang='grc'><em>,</em></span> 
     </span>
     <span class='ocr_line' id='line_1_31' title="bbox 141 3178 1194 3261; baseline 0.001 -23"><span class='ocrx_word' id='word_1_246' title='bbox 141 3197 225 3240; x_wconf 89' lang='lat' dir='ltr'>meae</span> <span class='ocrx_word' id='word_1_247' title='bbox 258 3183 451 3241; x_wconf 92' lang='lat' dir='ltr'>rationest</span> <span class='ocrx_word' id='word_1_248' title='bbox 421 3187 451 3240; x_wconf 94' lang='lat' dir='ltr'>et</span> <span class='ocrx_word' id='word_1_249' title='bbox 481 3188 550 3258; x_wconf 89' lang='lat' dir='ltr'>pect</span> <span class='ocrx_word' id='word_1_250' title='bbox 551 3199 586 3240; x_wconf 93' lang='lat' dir='ltr'>us</span> <span class='ocrx_word' id='word_1_251' title='bbox 618 3181 710 3241; x_wconf 91' lang='lat' dir='ltr'>hocce</span> <span class='ocrx_word' id='word_1_252' title='bbox 742 3180 905 3241; x_wconf 87' lang='lat' dir='ltr'>inoffensae</span> <span class='ocrx_word' id='word_1_253' title='bbox 935 3181 969 3241; x_wconf 93' lang='lat' dir='ltr'>A.</span> <span class='ocrx_word' id='word_1_254' title='bbox 987 3178 1021 3242; x_wconf 93' lang='lat' dir='ltr'>V.</span> <span class='ocrx_word' id='word_1_255' title='bbox 1037 3182 1194 3261; x_wconf 72' lang='lat' dir='ltr'>&#39;quietis</span> <span class='ocrx_word' id='word_1_256' title='bbox 1192 3234 1194 3239; x_wconf 81' lang='grc'>,</span> 
     </span>
     <span class='ocr_line' id='line_1_32' title="bbox 143 3269 1194 3351; baseline 0.005 -25"><span class='ocrx_word' id='word_1_257' title='bbox 143 3275 201 3327; x_wconf 91' lang='lat' dir='ltr'>stat</span> <span class='ocrx_word' id='word_1_258' title='bbox 189 3276 296 3348; x_wconf 91' lang='lat' dir='ltr'>tusque</span> <span class='ocrx_word' id='word_1_259' title='bbox 329 3269 533 3330; x_wconf 84' lang='lat' dir='ltr'>florentissimi</span> <span class='ocrx_word' id='word_1_260' title='bbox 570 3288 689 3349; x_wconf 87' lang='lat' dir='ltr'>semper</span> <span class='ocrx_word' id='word_1_261' title='bbox 724 3271 962 3330; x_wconf 87' lang='lat' dir='ltr'>amantissimum</span> <span class='ocrx_word' id='word_1_262' title='bbox 999 3279 1194 3351; x_wconf 89' lang='lat' dir='ltr'>sequentes</span> 
     </span>
     <span class='ocr_line' id='line_1_33' title="bbox 142 3354 1194 3421; baseline 0.005 -6"><span class='ocrx_word' id='word_1_263' title='bbox 142 3354 235 3416; x_wconf 91' lang='lat' dir='ltr'>lineas</span> <span class='ocrx_word' id='word_1_264' title='bbox 259 3358 388 3417; x_wconf 87' lang='lat' dir='ltr'>sacere&#39;</span> <span class='ocrx_word' id='word_1_265' title='bbox 380 3366 541 3419; x_wconf 80' lang='lat' dir='ltr'>iusserunt</span> <span class='ocrx_word' id='word_1_266' title='bbox 522 3358 671 3419; x_wconf 90' lang='lat' dir='ltr'>tUnde</span> <span class='ocrx_word' id='word_1_267' title='bbox 700 3365 800 3420; x_wconf 90' lang='lat' dir='ltr'>autem</span> <span class='ocrx_word' id='word_1_268' title='bbox 826 3359 978 3420; x_wconf 87' lang='lat' dir='ltr'>efficacius</span> <span class='ocrx_word' id='word_1_269' title='bbox 1004 3357 1077 3421; x_wconf 88' lang='lat' dir='ltr'>huic</span> <span class='ocrx_word' id='word_1_270' title='bbox 1100 3357 1194 3420; x_wconf 93' lang='lat' dir='ltr'>vul·</span> 
     </span>
     <span class='ocr_line' id='line_1_34' title="bbox 142 3428 1194 3535; baseline 0.006 -30"><span class='ocrx_word' id='word_1_271' title='bbox 142 3449 209 3505; x_wconf 91' lang='lat' dir='ltr'>neri</span> <span class='ocrx_word' id='word_1_272' title='bbox 227 3446 393 3507; x_wconf 89' lang='lat' dir='ltr'>remedium</span> <span class='ocrx_word' id='word_1_273' title='bbox 412 3467 500 3527; x_wconf 91' lang='lat' dir='ltr'>quam</span> <span class='ocrx_word' id='word_1_274' title='bbox 518 3447 582 3507; x_wconf 92' lang='lat' dir='ltr'>ah</span> <span class='ocrx_word' id='word_1_275' title='bbox 574 3466 638 3526; x_wconf 78' lang='lat' dir='ltr'>ipsa</span> <span class='ocrx_word' id='word_1_276' title='bbox 657 3448 714 3507; x_wconf 84' lang='lat' dir='ltr'>dn</span> <span class='ocrx_word' id='word_1_277' title='bbox 708 3466 756 3508; x_wconf 84' lang='lat' dir='ltr'>rna</span> <span class='ocrx_word' id='word_1_278' title='bbox 773 3447 964 3508; x_wconf 79' lang='lat' dir='ltr'>Providentia</span> <span class='ocrx_word' id='word_1_279' title='bbox 970 3455 1139 3535; x_wconf 90' lang='lat' dir='ltr'>peteretur</span> <span class='ocrx_word' id='word_1_280' title='bbox 1089 3428 1194 3510; x_wconf 59' lang='lat' dir='ltr'>turia</span> 
     </span>
     <span class='ocr_line' id='line_1_35' title="bbox 142 3498 1194 3712; baseline 0.006 -118"><span class='ocrx_word' id='word_1_281' title='bbox 142 3533 221 3596; x_wconf 90' lang='lat' dir='ltr'>Haec</span> <span class='ocrx_word' id='word_1_282' title='bbox 249 3538 275 3596; x_wconf 89' lang='lat' dir='ltr'>si</span> <span class='ocrx_word' id='word_1_283' title='bbox 303 3539 401 3597; x_wconf 92' lang='lat' dir='ltr'>omnia</span> <span class='ocrx_word' id='word_1_284' title='bbox 429 3546 525 3618; x_wconf 92' lang='lat' dir='ltr'>curat,</span> <span class='ocrx_word' id='word_1_285' title='bbox 558 3539 602 3596; x_wconf 88' lang='lat' dir='ltr'>uti</span> <span class='ocrx_word' id='word_1_286' title='bbox 629 3545 710 3597; x_wconf 92' lang='lat' dir='ltr'>certe</span> <span class='ocrx_word' id='word_1_287' title='bbox 739 3544 824 3606; x_wconf 85' lang='lat' dir='ltr'>curat</span> <span class='ocrx_word' id='word_1_288' title='bbox 846 3539 936 3598; x_wconf 88' lang='lat' dir='ltr'>etiam</span> <span class='ocrx_word' id='word_1_289' title='bbox 958 3498 1194 3712; x_wconf 55' lang='lat' dir='ltr'>minutissima]</span> 
     </span>
    </p>
   </div>
   <div class='ocr_carea' id='block_1_9' title="bbox 0 0 1209 3966">
    <p class='ocr_par' dir='ltr' id='par_1_10' title="bbox 0 0 1209 3966">
     <span class='ocr_line' id='line_1_36' title="bbox 0 0 1209 3966; baseline 0 0"><span class='ocrx_word' id='word_1_290' title='bbox 0 0 1209 3966; x_wconf 95' lang='lat' dir='ltr'> </span> 
     </span>
    </p>
   </div>
  </div>
 </body>
</html>
