2400 3966
547 180 685 251 epistolae
1079 182 1122 246 35

93 330 267 407 pectatione
293 348 372 411 mea,
397 332 424 390 si
447 348 495 390 me
519 348 600 391 amas
623 337 656 391 ut
678 348 773 412 amas;
796 330 903 391 festina
925 339 1033 391 tamen.
1075 331 1122 392 ln-

93 424 173 478 terea
192 420 266 478 vive
287 425 320 479 et
339 418 403 479 vale
424 437 493 479 cum
506 418 667 479 lectissima
682 421 808 498 coniuge
823 426 852 480 et
866 422 994 499 speratis
1011 419 1123 482 liberis.

154 524 450 607 Heidelbergae,
464 519 699 609 properanter*)
711 528 810 607 nimis,
823 545 880 586 nec
893 533 992 587 tamen
1004 534 1123 605 praeter

89 631 191 676 meum
216 632 351 696 morem,
375 614 747 697 annuntiabuntur,
771 618 823 695 qui
846 616 910 676 dies
934 617 999 697 fuit,
1023 634 1081 694 quo
1105 635 1121 676 e

87 703 257 765 iuuenibus
281 704 505 765 transcriberer
527 707 606 765 inter
628 706 782 764 maritatos
806 698 936 764 anno¹⁵⁰.

552 810 634 870 Tuus
658 813 739 870 omni
763 810 820 870 tide
844 809 865 870 l.
889 808 1075 871 Gruterus

317 1050 370 1123 29.
393 1053 419 1121 l.
443 1053 601 1123 Gruterus
624 1055 655 1122 G.
678 1053 915 1122 Rittersbusio.

84 1176 367 1246 Heidelbergae.
887 1182 927 1230 18.
947 1177 1019 1246 Aug.
1040 1183 1118 1233 1593.

155 1290 256 1351 Biuas
279 1297 348 1351 tuas
373 1289 478 1350 eodem
502 1290 563 1351 lere
587 1293 689 1370 recepi
711 1298 859 1371 tempore,
882 1297 1025 1368 utrasque
1049 1309 1117 1369 pro-

86 1379 169 1440 lecto
200 1378 294 1458 longe
322 1380 505 1460 carissimas3
534 1386 564 1440 et
591 1380 627 1440 de
655 1379 793 1440 versibus
821 1378 942 1459 quidem
966 1396 1039 1456 quas
1061 1378 1118 1439 tibi

86 1467 211 1529 habebo
232 1463 368 1546 gratias?
387 1469 477 1527 immo
496 1487 566 1528 vero
585 1487 658 1548 quas
678 1487 738 1529 non
751 1464 889 1528 habebo?
911 1465 1022 1527 Obruis
1036 1470 1117 1527 enim

88 1575 136 1618 me
165 1556 229 1617 hoc
258 1574 383 1616 munere
411 1574 507 1635 neque
537 1557 723 1639 satisfecero,
746 1576 806 1617 non
830 1559 857 1617 si
879 1564 980 1618 ternas
1004 1555 1115 1616 Orcho-

89 1664 198 1707 menes
217 1647 356 1706 miserim
375 1645 445 1706 deas
465 1645 561 1707 Suada
581 1649 735 1708 comitatas
753 1645 861 1728 Dione3
880 1649 921 1707 ita
940 1665 1000 1706 non
1020 1646 1115 1707 solum

90 1735 241 1813 prodigus
273 1753 307 1795 es
338 1733 428 1810 dono,
462 1735 512 1795 sed
545 1743 575 1795 et
602 1735 674 1795 doni
701 1735 842 1795 bonitate.
887 1734 988 1796 Malim
1015 1745 1114 1797 tamen

92 1826 208 1904 omnia,
237 1825 280 1883 mi
308 1825 417 1904 amice,
445 1825 523 1884 circa
551 1844 598 1886 me
627 1831 657 1884 et
684 1824 720 1884 de
749 1843 796 1884 me
819 1824 993 1886 modestius.
1040 1824 1113 1884 Nam

92 1930 152 1972 non
183 1930 240 1991 ego
268 1911 333 1993 ille,
357 1930 445 1991 quem
467 1931 541 1973 vana
565 1914 652 1992 tingis
676 1915 813 1992 imagine.
859 1912 966 1974 Doctos
989 1912 1112 1993 probos-

96 2019 150 2080 que
179 2002 332 2080 imprimis
360 2019 425 2061 amo
453 2010 541 2081 atque
569 2002 708 2083 observo,
736 2004 815 2062 inter
841 2021 915 2082 quos
939 2009 968 2063 te
992 2002 1112 2082 collare,

95 2097 210 2151 tantum
239 2107 301 2150 nou
328 2092 361 2150 in
387 2089 452 2150 loco
477 2093 622 2171 principe.
663 2091 747 2152 'Haec
770 2109 835 2152 mea
859 2094 899 2151 sit
922 2090 1005 2151 lama.
1053 2091 1111 2151 Sed

99 2178 130 2239 de
153 2178 212 2240 hoc
237 2181 318 2239 satis.
354 2178 464 2240 Versus
487 2187 554 2240 tuos
577 2198 646 2240 vere
670 2198 776 2241 aureos
800 2180 836 2240 ad
858 2177 984 2258 Lydium
1006 2177 1111 2239 habuit

99 2264 224 2346 lapidem
252 2274 356 2328 noster
378 2267 516 2328 Posthius
544 2277 574 2329 et
600 2288 693 2329 uuum
721 2276 808 2348 atque
837 2267 963 2328 alterum
986 2267 1109 2328 verbum

100 2355 182 2432 paulo
205 2355 369 2417 illustriore
392 2359 493 2436 posuit
516 2357 589 2418 loco.
626 2357 687 2418 Nos
706 2360 805 2438 etiam7
829 2375 896 2417 cum
916 2355 1110 2437 excudentur,

102 2443 236 2511 nonnulla
269 2443 469 2506 emollibimus
501 2445 762 2526 edrdcabimusque
794 2445 874 2507 nulla
909 2443 1040 2504 adhibita
1072 2447 1110 2526 vi,

45 2574 47 2593 .
102 2549 155 2594 non
182 2535 253 2614 quia
280 2533 312 2594 id
338 2534 421 2594 valde
449 2538 620 2617 requirunt,
648 2535 701 2597 sed
731 2535 853 2614 quiaid
877 2541 992 2595 tutam
1016 2536 1109 2594 amice

45 2600 49 2759 Ι

102 2624 232 2702 requiris.
279 2621 317 2683 Et
349 2623 460 2702 alioqui
493 2627 551 2684 iam
583 2624 670 2703 longe
701 2624 775 2685 alius
804 2642 870 2684 sum
898 2622 934 2684 ab
963 2623 1028 2704 illo,
1061 2626 1110 2684 cui

104 2718 179 2772 antea
202 2712 299 2772 solum
321 2712 477 2791 placebant
499 2715 592 2774 terrai
619 2708 827 2794 frugiferai¹⁵¹,
855 2721 918 2774 tum
946 2716 1027 2792 genii
1050 2716 1110 2774 mei

45 2824 47 2833 ·
103 2802 194 2861 nescio
228 2819 286 2880 qua
317 2804 487 2863 maturitate
520 2809 584 2863 tum
616 2804 738 2863 monitis
768 2801 883 2863 Melissi
914 2804 1024 2881 nostri,
1057 2804 1109 2879 qui

45 2960 48 2971 Ι
104 2887 193 2950 mollia
223 2896 340 2950 tantum
371 2898 450 2952 amat
477 2898 507 2953 et
534 2910 609 2971 quae
639 2890 719 2951 dulci
747 2891 843 2952 tluunt
873 2892 992 2951 tramite
1019 2888 1108 2948 nullis

105 2976 363 3040 intercurrentibus
383 2983 470 3040 saxis.
503 2979 594 3041 Video
612 2987 640 3041 te
655 2990 759 3060 putare
774 2980 895 3041 titulum
909 2997 976 3040 esse
994 2973 1108 3056 ‘Suspi-

105 3062 228 3127 cionnm'
258 3068 499 3130 annotationibus
526 3068 585 3130 illis
613 3077 701 3149 atque
729 3066 1000 3146 emendationibus
1034 3085 1107 3144 quas

104 3169 166 3229 paro
188 3156 223 3217 ad
248 3156 403 3240 Senecam3
428 3158 480 3219 sed
503 3158 622 3219 falleris
661 3153 881 3238 ‘Suspiciones'
906 3149 1018 3216 illae152
1043 3157 1108 3234 qui-

106 3239 164 3303 dem
194 3244 337 3308 Senecam
368 3246 470 3308 multis
503 3248 661 3309 emendant
693 3246 901 3326 illustrantque
934 3245 1022 3326 locis7
1055 3244 1107 3304 sed

105 3325 215 3393 Plautus
244 3336 275 3394 in
303 3337 341 3396 iis
370 3344 457 3415 atque
485 3336 626 3416 Apuleius
654 3355 709 3398 nec
736 3355 798 3397 non
825 3335 947 3396 Ovidius
976 3342 1006 3395 et
1031 3334 1107 3393 Mar-

106 3459 304 3475 Ἢ

170 3542 196 3611 *)
214 3540 279 3599 eoo.
293 3549 449 3614 properiter.

909 3633 945 3685 3*
