2400 3966
433 142 437 153 ·
498 240 500 243 .
537 192 674 266 epistolae
1049 197 1113 262 103

84 349 198 427 opinor,
215 345 331 406 aetatis
346 361 426 403 anuo
443 338 493 404 14.
508 343 544 403 ad
558 351 676 405 exteros
691 362 759 404 111111
774 343 966 424 ablegabitur.
994 345 1112 426 Ergone

84 435 239 496 molestias
265 441 300 495 et
323 450 426 514 curas,
455 435 585 511 quaein
607 432 688 494 illius
716 433 841 494 tenellae
866 437 970 495 aetatis
993 437 1112 497 institu-

84 528 160 586 tione
192 531 229 584 et
257 523 410 601 regimine
438 521 628 582 difficillimae
656 540 722 582 esse
751 522 898 604 adsolent,
930 527 1016 603 quasi
1046 543 1112 602 pre-

86 614 250 675 tiosissimi
278 612 426 691 temporis
453 611 608 692 prodigus,
635 611 746 672 frustra
774 612 802 673 h.
826 631 851 673 1.
880 615 944 673 sine
977 612 1113 674 ulteriori

85 703 336 783 peregrinatione
365 693 432 784 (qui
460 717 568 778 scopus
595 700 670 761 mihi
697 704 858 780 primarius
886 696 946 786 est)
980 720 1033 781 ego
1062 701 1112 762 de·

85 810 244 854 vorassem
271 797 302 850 et
324 785 574 869 insumpsisseml
597 789 726 870 Accedit,
750 791 829 868 quod
848 791 1000 872 religionis
1023 809 1113 870 nego·

86 885 159 943 tium
194 881 299 941 futuri
330 877 508 939 Maecenatis
526 880 672 939 animum
708 879 793 940 facile
831 883 987 943 immutare
1024 899 1112 961 posse

87 971 227 1032 rideatur
253 987 290 1029 ae
313 985 330 1028 a
352 985 400 1027 me
424 966 599 1028 abalienare.
644 966 838 1029 Dissimulare
866 979 988 1032 eatenus
1013 971 1113 1052 didici,

89 1068 245 1140 quatemus
266 1058 371 1136 pietati
389 1063 419 1116 11
437 1058 636 1117 conscientiae
655 1074 715 1117 non
734 1059 767 1116 fit
785 1060 1009 1135 praeiudicium.
1037 1060 1113 1121 Con·

88 1151 216 1209 trariam
240 1145 462 1206 confessionem
479 1163 602 1225 possum
620 1164 680 1206 non
700 1164 879 1228 oppugnare,
903 1151 1114 1209 controversiis

87 1237 258 1316 abstinere,
281 1235 435 1294 contiones
458 1233 697 1296 Lutheranorum
721 1234 823 1295 sedulo
848 1229 941 1318 (quod
965 1230 1112 1297 11111111-

87 1327 150 1406 phii
185 1316 318 1406 lactum)
352 1323 555 1404 frequentare3
593 1324 645 1384 sed
677 1341 797 1384 mensae
830 1326 963 1403 ipsorum
995 1333 1113 1385 sanctae

87 1415 318 1475 communicare
359 1430 420 1472 non
459 1430 590 1492 possum.
651 1413 683 1473 Si
714 1415 806 1491 igitur
841 1413 897 1474 hae
933 1412 1114 1474 abstinerem

37 1544 39 1549 -
87 1503 222 1584 diutius,
253 1519 291 1562 an
317 1519 378 1561 non
404 1501 474 1562 hine
501 1503 623 1562 sinistre
652 1500 823 1581 suspicandi
851 1505 1038 1563 occasionem
1065 1503 1114 1563 hic

87 1592 136 1654 ille
162 1585 339 1670 arriperet?
384 1589 464 1660 Quae
489 1590 525 1650 de
549 1589 655 1651 salario
684 1599 713 1651 et
736 1597 816 1652 veste
845 1592 969 1654 antehac
997 1594 1114 1672 scripsi,

87 1700 149 1743 nom
173 1679 320 1740 videntur
342 1678 462 1739 modum
491 1679 649 1760 excedere,
682 1698 812 1760 appensa
839 1681 888 1742 illa
916 1682 1112 1743 adolescentis

87 1777 204 1851 aetate,
238 1766 288 1828 illa
319 1785 385 1827 mea
417 1761 522 1851 (quam
554 1769 700 1847 spopondi
729 1777 758 1830 et
786 1773 850 1831 noti
882 1790 985 1832 omnes
1013 1779 1114 1832 notam

87 1851 220 1941 habent)
250 1855 308 1916 lide
336 1863 366 1916 et
388 1856 543 1918 industria.
589 1857 737 1937 Quicquid
766 1866 865 1920 tamen
888 1861 943 1922 hac
966 1864 998 1920 in
1021 1880 1053 1922 re
1077 1859 1114 1921 ab

87 1949 120 2010 ol
138 1947 176 2008 V.
195 1943 371 2008 conclusum
389 1945 489 2026 fuerit,
507 1945 582 2006 nihil
600 1965 646 2007 me
667 1948 804 2030 ollendet,
823 1948 910 2009 modo
930 1949 1113 2010 desiderium

88 2055 196 2099 meum
219 2037 252 2095 in
276 2033 399 2113 reliquis
422 2034 475 2095 111.
495 2034 603 2096 Consil.
623 2035 739 2097 Caesar.
764 2056 824 2097 mon
843 2039 1009 2099 offenderit.
1038 2039 1114 2099 Tau-

90 2127 164 2188 dem
188 2143 226 2185 eo
248 2123 371 2184 inclinat
393 2127 524 2185 animus:
557 2128 583 2184 si
605 2124 699 2204 Ampl.
723 2125 843 2185 Vestrae
868 2144 937 2205 spes
961 2129 1009 2206 sit,
1033 2124 1113 2186 obla·

89 2223 160 2277 tum
183 2215 224 2274 iri
246 2213 302 2273 hoc
321 2215 458 2274 semestri
477 2215 587 2274 aestivo
607 2212 734 2273 similem
753 2213 882 2291 aliquam
905 2214 1115 2295 conditionem,

89 2301 318 2366 conditionibus
345 2301 497 2363 faciendae
524 2309 623 2363 tantae
651 2303 682 2362 in
710 2300 808 2361 Germ.
836 2310 887 2362 aut
913 2301 984 2363 Boh.
1013 2320 1113 2363 morae

91 2400 262 2472 carentem,
293 2390 381 2452 malle
408 2409 562 2479 mexeam,
596 2392 712 2450 etiamsi
740 2389 839 2450 salarii
871 2398 1010 2470 respectu
1038 2391 1114 2452 lorte

92 2485 198 2542 mimus
225 2479 342 2561 lautam,
366 2487 537 2561 expectare,
561 2497 649 2558 quam
672 2479 743 2539 huie
766 2497 879 2538 morem
903 2497 1015 2558 gerere.
1063 2479 1116 2540 Sin

93 2588 167 2632 vero
199 2587 298 2651 secus,
331 2570 367 2630 ad
391 2587 502 2631 annum
530 2587 598 2630 eum
625 2568 681 2628 hoc
714 2567 900 2629 adolescente
923 2567 1035 2648 Pragae
1068 2588 1115 2630 me

94 2660 274 2721 duraturum
297 2657 458 2739 obligarer,
488 2658 575 2719 modo
605 2665 672 2736 post
695 2656 741 2717 111
764 2675 833 2718 cum
857 2657 961 2718 eodem
985 2652 1027 2742 (si
1050 2668 1116 2720 vota

94 2748 172 2809 11111.
195 2755 352 2827 parentum
375 2741 547 2831 arriserint)
572 2747 608 2807 ad
632 2754 750 2807 exteros
774 2746 943 2808 abeundum
966 2756 1047 2809 esset
1069 2748 1116 2809 vel

94 2840 247 2915 integrum
270 2836 344 2897 mihi
367 2843 515 2917 maneret,
542 2844 577 2898 ut
599 2836 635 2896 de
659 2835 715 2896 alia
746 2836 915 2898 conditione
946 2836 1024 2916 apud
1046 2855 1115 2916 pro·

94 2943 184 2987 ceres
206 2924 363 2986 Bohemiae
386 2926 461 2985 mihi
488 2928 547 3004 ipsi
569 2927 787 3006 prospicerem,
815 2944 873 3004 quo
901 2927 992 2986 linem
1014 2943 1116 2986 meum

94 3017 187 3076 citius
214 3033 398 3094 assequerer.
444 3014 585 3076 Rationes
614 3013 792 3075 deliberatae
820 3014 910 3075 huius
939 3031 1022 3074 meae
1046 3032 1115 3075 cum

94 3104 158 3165 Deo
191 3104 349 3165 voluntatis
382 3107 454 3164 istas
487 3103 595 3165 habeor
628 3105 717 3164 etiam
744 3102 855 3181 Pragae
883 3101 959 3162 Deos
989 3102 1115 3185 futuros,

96 3193 211 3254 ibidem
234 3211 351 3272 quoque
374 3211 422 3253 me
445 3212 501 3272 per
524 3193 608 3253 illum
631 3210 742 3253 annum
765 3194 797 3251 in
820 3191 929 3252 litteris
953 3199 983 3251 et
1005 3191 1115 3272 linguis

95 3281 243 3361 prolicere
262 3300 360 3362 posse,
384 3284 448 3342 sime
468 3285 549 3343 omui
567 3299 634 3341 meo
654 3288 784 3361 sumptu,
802 3279 904 3359 aliquo
929 3283 1017 3341 etiam
1036 3301 1116 3344 com·

94 3369 220 3449 pendio,
251 3369 374 3430 lustrata
398 3373 520 3450 insuper
544 3370 613 3431 sede
638 3369 794 3449 Caesarea,
818 3377 918 3447 parata
941 3389 1116 3450 magnorum

95 3457 140 3518 ibi
163 3458 296 3516 virorum
318 3458 416 3538 aliqua
438 3458 638 3520 familiaritate
658 3466 688 3519 et
705 3460 820 3521 notitia.
853 3458 930 3529 Quid
949 3461 1041 3538 igitur
1059 3462 1115 3519 im·

95 3544 419 3748 mmmmm
447 3547 675 3626 Heidelbergam
701 3565 756 3626 per
788 3559 898 3608 annum
930 3547 1024 3607 ferme
1057 3548 1117 3606 iam
