2400 3966
94 113 114 178 6
490 141 498 149 ·
523 111 672 182 Epistolae

93 262 255 324 eorundem
283 263 502 342 commissuris,
530 261 628 342 libris,
654 254 770 322 venis²⁶
797 260 948 321 interdum
971 262 1113 342 reperiri,

92 370 180 412 ranas
200 345 399 432 venenatas²⁷,
419 369 493 429 quae
514 369 550 410 ex
571 349 669 410 colore
690 368 778 430 quem
796 348 908 410 habent
926 348 1114 411 subrubeum

93 459 203 501 nomen
228 443 415 501 invenerunt.
461 439 579 500 Etenim
603 458 654 500 eas
677 441 774 500 nostri
795 437 937 501 metallici
960 437 1113 518 appellant

92 528 294 591 Fewrlcrdten.
340 529 425 600 Quod
453 530 479 589 si
507 528 674 588 Mansteldii
702 530 915 589 commissurae
944 546 1005 588 non
1034 531 1113 589 exti-

91 626 194 680 terunt
217 618 378 699 evidentes,
402 617 525 678 dubium
547 636 608 678 non
631 625 685 698 est,
709 619 781 697 quin
805 635 875 677 saxo
898 617 1010 677 fuerint
1034 619 1114 678 tanti

91 715 220 789 meatuS,
249 709 353 786 quanti
380 725 479 768 aerem
507 709 665 786 concipere
688 713 824 786 possent,
855 724 913 784 quo
936 705 1025 767 ducto
1050 709 1114 767 vita

93 804 174 857 esset
195 796 341 857 bestiae..
362 794 471 856 llaltha
493 790 651 876 lacticia23,
675 814 733 874 qua
756 789 882 856 Romani
904 797 1114 857 incrustarunt

92 885 307 967 aquaeductus,
340 884 473 965 castella,
505 886 650 965 piscinas,
683 903 719 944 ex
752 883 861 963 quibus
891 888 1021 966 constet,
1055 885 1114 946 tibi

93 975 260 1053 significare
283 993 344 1034 nou
366 992 502 1054 possum,
525 974 658 1035 nondum
682 976 762 1034 enirn
786 991 851 1033 eam
875 972 1005 1034 dissolvi.
1052 973 1114 1034 Ubi

92 1062 122 1123 id
150 1064 263 1145 secero,
292 1082 326 1124 ea
353 1062 390 1122 de
419 1080 452 1124 re
480 1061 516 1122 ad
544 1069 574 1122 te
603 1062 739 1123 scribam.
785 1062 899 1122 Rumor
921 1064 1017 1124 tristis
1041 1082 1112 1142 per-

91 1153 186 1213 fertur
210 1153 246 1213 ad
268 1171 324 1213 nos
348 1151 384 1211 de
408 1158 525 1212 mortuo
548 1150 664 1212 Valerio
689 1150 793 1212 Corde.
830 1150 946 1211 Nollem
969 1153 1113 1213 iuvenem

92 1241 177 1301 illurn
199 1240 287 1302 bonis
311 1240 418 1301 studiis
442 1248 586 1320 ereptum.
624 1240 689 1322 Qui,
713 1242 740 1301 si
759 1240 858 1300 divina
876 1239 1056 1322 benignitas,
1079 1241 1112 1302 id

91 1330 170 1409 quod
190 1349 287 1412 spero,
306 1332 335 1390 ei
353 1332 445 1390 vitam
462 1329 614 1411 largietur,
634 1332 845 1409 sempiternam
861 1329 979 1390 laudem
994 1330 1113 1391 auferet

92 1438 127 1478 ex
156 1438 189 1479 re
216 1419 362 1500 herbaria.
407 1416 449 1478 lle
478 1437 513 1478 eo
542 1426 572 1479 et
599 1426 702 1479 nostro
725 1418 862 1479 Fabricio
886 1421 912 1478 si
935 1418 1006 1498 quid
1032 1422 1114 1481 certi

90 1507 196 1589 habes,
222 1507 345 1568 obsecro
368 1515 412 1587 te,
435 1514 468 1567 ut
491 1506 527 1567 ad
551 1526 598 1568 me
622 1507 781 1586 diligenter
803 1506 981 1587 perscribas.
1029 1506 1112 1580 Quin

91 1598 180 1656 etiarn
204 1615 242 1656 an
264 1596 330 1656 dies
348 1594 479 1674 geniales
498 1595 657 1656 Alexandri
677 1595 713 1656 ab
732 1589 940 1656 Aleuandris²9
958 1597 1036 1677 apud
1056 1616 1111 1657 ros

89 1685 207 1745 venales
240 1687 300 1745 sint
327 1692 357 1745 et
384 1675 489 1762 quanti
515 1693 664 1766 emantur,
697 1687 723 1745 si
749 1703 811 1746 non
839 1688 912 1766 sint,
944 1688 1011 1764 quis
1040 1705 1112 1748 eum

90 1773 201 1834 librum
223 1773 337 1834 habeat.
384 1773 497 1834 Salutat
519 1782 549 1834 te
573 1772 731 1835 Hertelius.
777 1773 854 1835 Vale.

134 1879 353 1961 llempnicii,
376 1880 423 1941 lll.
443 1878 502 1942 Cal.
521 1880 581 1942 lan.
604 1898 681 1942 anuo
700 1880 737 1941 M.
756 1879 789 1942 D.
807 1880 890 1942 XLV.

684 1986 861 2066 Georgius
884 1987 1061 2066 Agricola.

335 2176 364 2248 6.
389 2179 424 2247 a.
444 2177 605 2264 Agricola
625 2177 676 2245 W.
696 2179 856 2248 Meurero.

94 2283 295 2352 Kampnicii.
864 2288 906 2340 11.
925 2283 1006 2339 Febr.
1027 2290 1108 2344 1545.
1146 2353 1151 2362 Ι

157 2397 277 2459 Clariss.
306 2404 336 2457 et
363 2396 483 2458 doctiss.
512 2396 688 2476 philosopho
717 2403 747 2455 et
774 2395 890 2456 medico
915 2397 942 2458 d.
966 2397 1003 2458 M.
1027 2398 1107 2459 Voll-

90 2504 184 2566 gango
215 2484 351 2544 Meurero
384 2488 479 2545 amico
513 2502 575 2545 suo.
620 2483 747 2563 Lipsiae.
794 2486 864 2546 XV.
893 2488 982 2549 Febr.
1009 2489 1107 2550 1545.

60 2584 67 2601 “
94 2577 202 2649 Georo.
226 2575 382 2648 Agricol.
490 2614 491 2617 κ

157 2662 186 2722 S.
214 2660 247 2721 b.
265 2659 419 2719 Valerium
447 2659 575 2720 Cordum
605 2663 638 2721 in
665 2660 773 2721 nobili·
786 2660 836 2722 illa
864 2666 1106 2743 peregrinatione

89 2754 121 2814 in
150 2765 253 2831 graves
276 2748 397 2809 morbos
420 2747 574 2828 delapsum
597 2752 761 2810 excessisse
786 2769 802 2810 e
826 2746 918 2812 vita³⁰
941 2753 1044 2815 multis
1069 2756 1106 2816 de

88 2843 189 2904 causis
221 2838 315 2899 doleo.
362 2837 441 2908 Quas
473 2857 553 2899 nunc
580 2846 739 2918 propterea
767 2843 913 2923 omittam,
947 2843 1026 2921 quod
1054 2863 1107 2906 eas

88 2932 145 2991 hoc
172 2938 306 3008 tempore
335 2924 396 2988 uec
414 2946 468 3006 ego
493 2930 557 2988 sine
581 2928 773 2988 acerbissimo
797 2931 888 2990 animi
912 2930 1013 2992 dolore
1036 2952 1106 3013 pos-

87 3038 156 3081 sum
175 3036 350 3079 enumerare
369 3035 425 3078 nec
444 3024 485 3098 tu,
508 3024 542 3078 ut
560 3018 675 3098 opinor,
693 3015 791 3095 legere
810 3025 904 3097 potes.
942 3020 1106 3103 sinceras,

88 3126 164 3187 quas
192 3107 229 3167 de
253 3106 342 3167 Cordi
370 3108 590 3166 commentariis
618 3105 654 3166 ad
682 3124 730 3166 me
759 3109 879 3186 scripsit
906 3107 1105 3191 Hieronymus

91 3189 290 3275 Schreiberffl,
309 3197 474 3274 resignatas
494 3197 684 3275 accepissem,
703 3202 753 3255 aut
772 3214 866 3274 aequo
886 3200 983 3257 animo
998 3219 1105 3278 passus

89 3303 188 3347 essem
215 3285 356 3344 iniuriam
383 3291 434 3344 aut
462 3283 498 3344 de
527 3302 560 3343 ea
587 3279 664 3363 <re>
692 3303 759 3344 cum
787 3284 941 3345 tabellario
965 3298 1105 3367 exposta:
1149 3280 1152 3285 ’

89 3376 206 3436 lassem.
243 3371 328 3432 Nunc
352 3390 420 3432 curn
443 3371 538 3434 nullas
558 3375 724 3452 acceperim
744 3392 799 3434 nec
819 3377 886 3452 quis
905 3380 1105 3455 praeripuerit

89 3467 196 3545 sciam,
224 3460 296 3539 quid
319 3457 447 3521 faciam?
488 3461 635 3540 Quicquid
659 3463 695 3522 de
720 3462 767 3522 his
790 3462 923 3542 perteret
947 3464 981 3523 ad
1005 3475 1034 3526 te
1058 3469 1105 3529 vel

825 3712 893 3728 Δ
