<?xml version="1.0" encoding="UTF-8"?>
<!DOCTYPE html PUBLIC "-//W3C//DTD XHTML 1.0 Transitional//EN"
    "http://www.w3.org/TR/xhtml1/DTD/xhtml1-transitional.dtd">
<html xmlns="http://www.w3.org/1999/xhtml" xml:lang="en" lang="en">
 <head>
  <title>
</title>
<meta http-equiv="Content-Type" content="text/html;charset=utf-8" />
  <meta name='ocr-system' content='tesseract 3.04.00' />
  <meta name='ocr-capabilities' content='ocr_page ocr_carea ocr_par ocr_line ocrx_word'/>
</head>
<body>
  <div class='ocr_page' id='page_1' title='image "./virorumclarorum00thedgoog_0180.png"; bbox 0 0 2400 3966; ppageno 0'>
   <div class='ocr_carea' id='block_1_1' title="bbox 465 184 1071 247">
    <p class='ocr_par' dir='ltr' id='par_1_1' title="bbox 465 184 1071 247">
     <span class='ocr_line' id='line_1_1' title="bbox 465 184 1071 247; baseline 0.01 -9"><span class='ocrx_word' id='word_1_1' title='bbox 465 185 672 239; x_wconf 74' lang='lat' dir='ltr'>Adnotationes</span> <span class='ocrx_word' id='word_1_2' title='bbox 1010 184 1071 247; x_wconf 89' lang='grc'>161</span> 
     </span>
    </p>
   </div>
   <div class='ocr_carea' id='block_1_2' title="bbox 43 324 1162 3603">
    <p class='ocr_par' dir='ltr' id='par_1_2' title="bbox 43 324 1162 3603">
     <span class='ocr_line' id='line_1_2' title="bbox 43 324 1076 399; baseline -0.001 -17"><span class='ocrx_word' id='word_1_3' title='bbox 43 326 87 382; x_wconf 88' lang='lat' dir='ltr'>hio</span> <span class='ocrx_word' id='word_1_4' title='bbox 111 343 226 382; x_wconf 80' lang='lat' dir='ltr'>versus</span> <span class='ocrx_word' id='word_1_5' title='bbox 246 324 354 396; x_wconf 82' lang='lat' dir='ltr'>legitur</span> <span class='ocrx_word' id='word_1_6' title='bbox 370 325 402 380; x_wconf 92' lang='lat' dir='ltr'>in</span> <span class='ocrx_word' id='word_1_7' title='bbox 418 328 477 382; x_wconf 74' lang='lat' dir='ltr'>MS.</span> <span class='ocrx_word' id='word_1_8' title='bbox 495 328 612 399; x_wconf 74' lang='lat' dir='ltr'>priore,</span> <span class='ocrx_word' id='word_1_9' title='bbox 634 328 662 381; x_wconf 87' lang='lat' dir='ltr'>h</span> <span class='ocrx_word' id='word_1_10' title='bbox 682 344 705 381; x_wconf 83' lang='lat' dir='ltr'>e.</span> <span class='ocrx_word' id='word_1_11' title='bbox 724 340 819 380; x_wconf 71' lang='lat' dir='ltr'>vetere</span> <span class='ocrx_word' id='word_1_12' title='bbox 837 326 861 379; x_wconf 92' lang='lat' dir='ltr'><strong>B</strong></span> <span class='ocrx_word' id='word_1_13' title='bbox 891 327 1076 395; x_wconf 75' lang='lat' dir='ltr'>Cnm&#39;ernrii).</span> 
     </span>
     <span class='ocr_line' id='line_1_3' title="bbox 44 397 1076 485; baseline 0 -33"><span class='ocrx_word' id='word_1_14' title='bbox 44 397 133 453; x_wconf 80' lang='lat' dir='ltr'>Plnne</span> <span class='ocrx_word' id='word_1_15' title='bbox 154 413 332 468; x_wconf 73' lang='lat' dir='ltr'>germanm:</span> <span class='ocrx_word' id='word_1_16' title='bbox 352 397 568 455; x_wconf 67' lang='lat' dir='ltr'>..observatus</span> <span class='ocrx_word' id='word_1_17' title='bbox 582 400 708 485; x_wconf 89' lang='lat' dir='ltr'>primum</span> <span class='ocrx_word' id='word_1_18' title='bbox 727 398 853 451; x_wconf 87' lang='lat' dir='ltr'>omnium</span> <span class='ocrx_word' id='word_1_19' title='bbox 871 415 889 451; x_wconf 84' lang='lat' dir='ltr'>a</span> <span class='ocrx_word' id='word_1_20' title='bbox 907 397 936 452; x_wconf 87' lang='lat' dir='ltr'>C.</span> <span class='ocrx_word' id='word_1_21' title='bbox 954 399 1076 452; x_wconf 79' lang='lat' dir='ltr'>Bitters·</span> 
     </span>
     <span class='ocr_line' id='line_1_4' title="bbox 45 466 1077 541; baseline 0 -18"><span class='ocrx_word' id='word_1_22' title='bbox 45 469 150 525; x_wconf 69' lang='lat' dir='ltr'>hnsio?</span> <span class='ocrx_word' id='word_1_23' title='bbox 207 469 291 523; x_wconf 82' lang='lat' dir='ltr'>Haec</span> <span class='ocrx_word' id='word_1_24' title='bbox 315 466 437 525; x_wconf 70' lang='lat' dir='ltr'>fortasse</span> <span class='ocrx_word' id='word_1_25' title='bbox 458 482 557 525; x_wconf 82' lang='lat' dir='ltr'>contra</span> <span class='ocrx_word' id='word_1_26' title='bbox 580 470 742 541; x_wconf 70' lang='lat' dir='ltr'>eeioppium</span> <span class='ocrx_word' id='word_1_27' title='bbox 766 469 844 523; x_wconf 85' lang='lat' dir='ltr'>dieta</span> <span class='ocrx_word' id='word_1_28' title='bbox 866 474 946 535; x_wconf 85' lang='lat' dir='ltr'>sunt,</span> <span class='ocrx_word' id='word_1_29' title='bbox 973 470 1023 538; x_wconf 89' lang='lat' dir='ltr'>qui</span> <span class='ocrx_word' id='word_1_30' title='bbox 1045 471 1077 523; x_wconf 90' lang='lat' dir='ltr'>in</span> 
     </span>
     <span class='ocr_line' id='line_1_5' title="bbox 46 539 1077 611; baseline -0.001 -16"><span class='ocrx_word' id='word_1_31' title='bbox 46 541 184 611; x_wconf 77' lang='lat' dir='ltr'>Suspeot.</span> <span class='ocrx_word' id='word_1_32' title='bbox 213 539 330 595; x_wconf 86' lang='lat' dir='ltr'>leotion.</span> <span class='ocrx_word' id='word_1_33' title='bbox 359 547 428 595; x_wconf 82' lang='grc'>1597</span> <span class='ocrx_word' id='word_1_34' title='bbox 450 543 477 596; x_wconf 89' lang='grc' dir='ltr'>Π</span> <span class='ocrx_word' id='word_1_35' title='bbox 496 548 530 596; x_wconf 92' lang='grc'>13</span> <span class='ocrx_word' id='word_1_36' title='bbox 554 542 607 596; x_wconf 77' lang='lat' dir='ltr'>riez</span> <span class='ocrx_word' id='word_1_37' title='bbox 637 544 656 596; x_wconf 71' lang='lat'>².</span> <span class='ocrx_word' id='word_1_38' title='bbox 676 586 682 595; x_wconf 93' lang='lat'><strong><em>.</em></strong></span> <span class='ocrx_word' id='word_1_39' title='bbox 700 558 813 594; x_wconf 70' lang='lat' dir='ltr'>uersum</span> <span class='ocrx_word' id='word_1_40' title='bbox 832 583 839 594; x_wconf 94' lang='lat'><em>.</em></span> <span class='ocrx_word' id='word_1_41' title='bbox 858 585 865 596; x_wconf 92' lang='lat'>.</span> <span class='ocrx_word' id='word_1_42' title='bbox 883 558 1023 609; x_wconf 83' lang='lat' dir='ltr'>nusquam</span> <span class='ocrx_word' id='word_1_43' title='bbox 1046 541 1077 594; x_wconf 93' lang='lat' dir='ltr'>in</span> 
     </span>
     <span class='ocr_line' id='line_1_6' title="bbox 46 610 1076 694; baseline -0.001 -27"><span class='ocrx_word' id='word_1_44' title='bbox 46 612 135 667; x_wconf 79' lang='lat' dir='ltr'>edilis</span> <span class='ocrx_word' id='word_1_45' title='bbox 155 610 249 666; x_wconf 88' lang='lat' dir='ltr'>libris</span> <span class='ocrx_word' id='word_1_46' title='bbox 266 612 399 680; x_wconf 81' lang='lat' dir='ltr'>reperias.</span> <span class='ocrx_word' id='word_1_47' title='bbox 429 613 491 683; x_wconf 77' lang='lat' dir='ltr'>Ego</span> <span class='ocrx_word' id='word_1_48' title='bbox 508 613 640 694; x_wconf 75' lang='lat' dir='ltr'>prinecps</span> <span class='ocrx_word' id='word_1_49' title='bbox 659 631 693 667; x_wconf 82' lang='lat' dir='ltr'>ex</span> <span class='ocrx_word' id='word_1_50' title='bbox 707 613 797 666; x_wconf 87' lang='lat' dir='ltr'>altero</span> <span class='ocrx_word' id='word_1_51' title='bbox 811 611 966 666; x_wconf 83' lang='lat' dir='ltr'>Camerarii</span> <span class='ocrx_word' id='word_1_52' title='bbox 979 611 1076 666; x_wconf 78' lang='lat' dir='ltr'>codice</span> 
     </span>
     <span class='ocr_line' id='line_1_7' title="bbox 47 681 1078 755; baseline -0.003 -16"><span class='ocrx_word' id='word_1_53' title='bbox 47 681 317 739; x_wconf 70' lang='lat' dir='ltr'>eum..reefils1i.&#39;</span> <span class='ocrx_word' id='word_1_54' title='bbox 360 683 472 738; x_wconf 85' lang='lat' dir='ltr'>Addere</span> <span class='ocrx_word' id='word_1_55' title='bbox 494 684 579 739; x_wconf 80' lang='lat' dir='ltr'>heeat</span> <span class='ocrx_word' id='word_1_56' title='bbox 604 684 729 755; x_wconf 80' lang='lat' dir='ltr'>Scioppii</span> <span class='ocrx_word' id='word_1_57' title='bbox 751 684 845 738; x_wconf 82' lang='lat' dir='ltr'>Plauti</span> <span class='ocrx_word' id='word_1_58' title='bbox 867 683 1022 754; x_wconf 79' lang='lat' dir='ltr'>exemplar,</span> <span class='ocrx_word' id='word_1_59' title='bbox 1046 683 1078 736; x_wconf 91' lang='lat' dir='ltr'>in</span> 
     </span>
     <span class='ocr_line' id='line_1_8' title="bbox 48 753 1077 826; baseline -0.001 -18"><span class='ocrx_word' id='word_1_60' title='bbox 48 772 104 823; x_wconf 87' lang='lat' dir='ltr'>quo</span> <span class='ocrx_word' id='word_1_61' title='bbox 124 753 294 817; x_wconf 70' lang='lat' dir='ltr'>Camerarii</span> <span class='ocrx_word' id='word_1_62' title='bbox 315 754 444 809; x_wconf 81' lang='lat' dir='ltr'>codicum</span> <span class='ocrx_word' id='word_1_63' title='bbox 466 756 561 811; x_wconf 78' lang='lat' dir='ltr'>varias</span> <span class='ocrx_word' id='word_1_64' title='bbox 584 757 720 810; x_wconf 80' lang='lat' dir='ltr'>lectiones</span> <span class='ocrx_word' id='word_1_65' title='bbox 738 755 896 826; x_wconf 82' lang='lat' dir='ltr'>inscripsit,</span> <span class='ocrx_word' id='word_1_66' title='bbox 917 755 948 808; x_wconf 93' lang='lat' dir='ltr'>in</span> <span class='ocrx_word' id='word_1_67' title='bbox 966 754 1077 824; x_wconf 64' lang='lat' dir='ltr'>byblio-</span> 
     </span>
     <span class='ocr_line' id='line_1_9' title="bbox 50 823 1077 898; baseline -0.001 -17"><span class='ocrx_word' id='word_1_68' title='bbox 50 826 137 881; x_wconf 80' lang='lat' dir='ltr'>theoa</span> <span class='ocrx_word' id='word_1_69' title='bbox 164 823 420 895; x_wconf 73' lang='lat' dir='ltr'>Gnelpherbytana</span> <span class='ocrx_word' id='word_1_70' title='bbox 448 828 555 881; x_wconf 83' lang='lat' dir='ltr'>serrari</span> <span class='ocrx_word' id='word_1_71' title='bbox 582 827 742 895; x_wconf 61' lang='lat' dir='ltr'>secundum</span> <span class='ocrx_word' id='word_1_72' title='bbox 765 827 932 898; x_wconf 74' lang='lat' dir='ltr'>Schweiger.</span> <span class='ocrx_word' id='word_1_73' title='bbox 965 826 1077 881; x_wconf 82' lang='lat' dir='ltr'>Handb.</span> 
     </span>
     <span class='ocr_line' id='line_1_10' title="bbox 49 895 1077 968; baseline -0.003 -15"><span class='ocrx_word' id='word_1_74' title='bbox 49 896 76 953; x_wconf 75' lang='grc'>(1</span> <span class='ocrx_word' id='word_1_75' title='bbox 95 897 189 952; x_wconf 71' lang='lat' dir='ltr'>elasa.</span> <span class='ocrx_word' id='word_1_76' title='bbox 209 895 424 967; x_wconf 76' lang='lat' dir='ltr'>Bibliographie</span> <span class='ocrx_word' id='word_1_77' title='bbox 441 899 467 952; x_wconf 91' lang='grc' dir='ltr'>Π</span> <span class='ocrx_word' id='word_1_78' title='bbox 487 906 503 953; x_wconf 86' lang='grc'>2</span> <span class='ocrx_word' id='word_1_79' title='bbox 521 919 548 968; x_wconf 89' lang='lat' dir='ltr'>p.</span> <span class='ocrx_word' id='word_1_80' title='bbox 565 904 635 967; x_wconf 59' lang='grc'>763).</span> <span class='ocrx_word' id='word_1_81' title='bbox 731 896 789 953; x_wconf 75' lang='grc'>171</span> <span class='ocrx_word' id='word_1_82' title='bbox 807 898 872 952; x_wconf 88' lang='lat' dir='ltr'>Scil.</span> <span class='ocrx_word' id='word_1_83' title='bbox 892 898 1077 966; x_wconf 79' lang='lat' dir='ltr'>Camerarius,</span> 
     </span>
     <span class='ocr_line' id='line_1_11' title="bbox 50 967 1078 1052; baseline -0.001 -29"><span class='ocrx_word' id='word_1_84' title='bbox 50 967 100 1049; x_wconf 70' lang='lat' dir='ltr'>qui</span> <span class='ocrx_word' id='word_1_85' title='bbox 122 968 161 1023; x_wconf 89' lang='lat' dir='ltr'>in</span> <span class='ocrx_word' id='word_1_86' title='bbox 181 967 281 1021; x_wconf 85' lang='lat' dir='ltr'>Plauti</span> <span class='ocrx_word' id='word_1_87' title='bbox 303 968 427 1023; x_wconf 77' lang='lat' dir='ltr'>editione</span> <span class='ocrx_word' id='word_1_88' title='bbox 444 969 520 1025; x_wconf 85' lang='lat' dir='ltr'>huno</span> <span class='ocrx_word' id='word_1_89' title='bbox 537 969 771 1052; x_wconf 34' lang='lat' dir='ltr'>versum-omisit.</span> <span class='ocrx_word' id='word_1_90' title='bbox 808 970 888 1051; x_wconf 74' lang='lat' dir='ltr'>Idem</span> <span class='ocrx_word' id='word_1_91' title='bbox 905 968 1078 1051; x_wconf 69' lang='lat' dir='ltr'>hitschelius</span> 
     </span>
     <span class='ocr_line' id='line_1_12' title="bbox 52 1038 1079 1193; baseline -0.001 -28"><span class='ocrx_word' id='word_1_92' title='bbox 52 1038 1079 1193; x_wconf 50' lang='lat' dir='ltr'>luuh·titulsstlffiuthttfftiltelhttlu</span> 
     </span>
     <span class='ocr_line' id='line_1_13' title="bbox 52 1181 1077 1251; baseline 0.001 -16"><span class='ocrx_word' id='word_1_93' title='bbox 52 1182 128 1236; x_wconf 88' lang='lat' dir='ltr'>nooh</span> <span class='ocrx_word' id='word_1_94' title='bbox 147 1181 220 1235; x_wconf 85' lang='lat' dir='ltr'>dem</span> <span class='ocrx_word' id='word_1_95' title='bbox 235 1181 443 1239; x_wconf 81' lang='lat' dir='ltr'>dntten.Tudel</span> <span class='ocrx_word' id='word_1_96' title='bbox 456 1184 544 1251; x_wconf 86' lang='lat' dir='ltr'>bloss,</span> <span class='ocrx_word' id='word_1_97' title='bbox 563 1185 629 1238; x_wconf 82' lang='lat' dir='ltr'>dass</span> <span class='ocrx_word' id='word_1_98' title='bbox 643 1201 674 1238; x_wconf 87' lang='lat' dir='ltr'>er</span> <span class='ocrx_word' id='word_1_99' title='bbox 687 1184 760 1237; x_wconf 88' lang='lat' dir='ltr'>mit.</span> <span class='ocrx_word' id='word_1_100' title='bbox 777 1227 783 1236; x_wconf 91' lang='lat'>.</span> <span class='ocrx_word' id='word_1_101' title='bbox 798 1182 1033 1237; x_wconf 70' lang='lat' dir='ltr'>[naehtsamkert</span> <span class='ocrx_word' id='word_1_102' title='bbox 1049 1227 1055 1236; x_wconf 93' lang='lat'><em>.</em></span> <span class='ocrx_word' id='word_1_103' title='bbox 1071 1227 1077 1236; x_wconf 93' lang='lat'><em>.</em></span> 
     </span>
     <span class='ocr_line' id='line_1_14' title="bbox 51 1251 1078 1325; baseline -0.001 -18"><span class='ocrx_word' id='word_1_104' title='bbox 51 1254 116 1308; x_wconf 84' lang='lat' dir='ltr'>eine</span> <span class='ocrx_word' id='word_1_105' title='bbox 136 1251 293 1306; x_wconf 83' lang='lat' dir='ltr'>ziemliohe</span> <span class='ocrx_word' id='word_1_106' title='bbox 310 1254 419 1307; x_wconf 81' lang='lat' dir='ltr'>Anzahl</span> <span class='ocrx_word' id='word_1_107' title='bbox 436 1272 493 1309; x_wconf 79' lang='lat' dir='ltr'>ron</span> <span class='ocrx_word' id='word_1_108' title='bbox 510 1255 657 1309; x_wconf 79' lang='lat' dir='ltr'>einzelnen</span> <span class='ocrx_word' id='word_1_109' title='bbox 675 1256 782 1309; x_wconf 71' lang='lat' dir='ltr'>Versen</span> <span class='ocrx_word' id='word_1_110' title='bbox 800 1253 931 1325; x_wconf 75' lang='lat' dir='ltr'>ganzlich</span> <span class='ocrx_word' id='word_1_111' title='bbox 949 1253 1078 1321; x_wconf 82' lang='lat' dir='ltr'>ausliess‚</span> 
     </span>
     <span class='ocr_line' id='line_1_15' title="bbox 55 1323 1079 1381; baseline -0.001 -3"><span class='ocrx_word' id='word_1_112' title='bbox 55 1325 102 1380; x_wconf 84' lang='lat' dir='ltr'>die</span> <span class='ocrx_word' id='word_1_113' title='bbox 121 1323 273 1378; x_wconf 83' lang='lat' dir='ltr'>entweder</span> <span class='ocrx_word' id='word_1_114' title='bbox 291 1324 378 1379; x_wconf 87' lang='lat' dir='ltr'>sehon</span> <span class='ocrx_word' id='word_1_115' title='bbox 395 1325 426 1379; x_wconf 93' lang='lat' dir='ltr'>in</span> <span class='ocrx_word' id='word_1_116' title='bbox 444 1326 520 1380; x_wconf 87' lang='lat' dir='ltr'>allen</span> <span class='ocrx_word' id='word_1_117' title='bbox 538 1327 654 1381; x_wconf 75' lang='lat' dir='ltr'>frfihern</span> <span class='ocrx_word' id='word_1_118' title='bbox 668 1327 776 1380; x_wconf 83' lang='lat' dir='ltr'>Terten</span> <span class='ocrx_word' id='word_1_119' title='bbox 795 1324 923 1381; x_wconf 82' lang='lat' dir='ltr'>standen</span> <span class='ocrx_word' id='word_1_120' title='bbox 942 1326 1011 1378; x_wconf 90' lang='lat' dir='ltr'>oder</span> <span class='ocrx_word' id='word_1_121' title='bbox 1027 1342 1079 1378; x_wconf 87' lang='lat' dir='ltr'>aus</span> 
     </span>
     <span class='ocr_line' id='line_1_16' title="bbox 54 1394 1079 1467; baseline 0 -18"><span class='ocrx_word' id='word_1_122' title='bbox 54 1395 158 1449; x_wconf 87' lang='lat' dir='ltr'>seinen</span> <span class='ocrx_word' id='word_1_123' title='bbox 171 1394 279 1448; x_wconf 84' lang='lat' dir='ltr'>beiden</span> <span class='ocrx_word' id='word_1_124' title='bbox 292 1396 454 1451; x_wconf 85' lang='lat' dir='ltr'>trefflichen</span> <span class='ocrx_word' id='word_1_125' title='bbox 462 1398 683 1453; x_wconf 78' lang='lat' dir='ltr'>Handsohristen</span> <span class='ocrx_word' id='word_1_126' title='bbox 692 1398 792 1450; x_wconf 71' lang='lat' dir='ltr'>hatten</span> <span class='ocrx_word' id='word_1_127' title='bbox 801 1397 956 1467; x_wconf 84' lang='lat' dir='ltr'>eingesetzt</span> <span class='ocrx_word' id='word_1_128' title='bbox 965 1395 1079 1449; x_wconf 81' lang='lat' dir='ltr'>werden</span> 
     </span>
     <span class='ocr_line' id='line_1_17' title="bbox 54 1466 1080 1538; baseline 0 -18"><span class='ocrx_word' id='word_1_129' title='bbox 54 1466 175 1521; x_wconf 76' lang='lat' dir='ltr'>konnen</span> <span class='ocrx_word' id='word_1_130' title='bbox 202 1466 263 1519; x_wconf 87' lang='lat' dir='ltr'>und</span> <span class='ocrx_word' id='word_1_131' title='bbox 289 1466 380 1521; x_wconf 88' lang='lat' dir='ltr'>sollen</span> <span class='ocrx_word' id='word_1_132' title='bbox 399 1513 405 1523; x_wconf 91' lang='lat'>.</span> <span class='ocrx_word' id='word_1_133' title='bbox 425 1471 454 1535; x_wconf 79' lang='lat'>.&#39;;</span> <span class='ocrx_word' id='word_1_134' title='bbox 482 1469 632 1523; x_wconf 76' lang='lat' dir='ltr'>nonullos</span> <span class='ocrx_word' id='word_1_135' title='bbox 660 1485 771 1538; x_wconf 87' lang='lat' dir='ltr'>quoque</span> <span class='ocrx_word' id='word_1_136' title='bbox 799 1485 896 1522; x_wconf 68' lang='lat' dir='ltr'>rusus</span> <span class='ocrx_word' id='word_1_137' title='bbox 923 1470 956 1521; x_wconf 90' lang='lat' dir='ltr'>ut</span> <span class='ocrx_word' id='word_1_138' title='bbox 978 1483 1080 1536; x_wconf 83' lang='lat' dir='ltr'>parum</span> 
     </span>
     <span class='ocr_line' id='line_1_18' title="bbox 55 1538 1079 1610; baseline -0.001 -19"><span class='ocrx_word' id='word_1_139' title='bbox 55 1538 199 1593; x_wconf 84' lang='lat' dir='ltr'>honestos</span> <span class='ocrx_word' id='word_1_140' title='bbox 223 1538 331 1605; x_wconf 85' lang='lat' dir='ltr'>omisit,</span> <span class='ocrx_word' id='word_1_141' title='bbox 354 1542 387 1592; x_wconf 88' lang='lat' dir='ltr'>ut</span> <span class='ocrx_word' id='word_1_142' title='bbox 408 1540 485 1595; x_wconf 85' lang='lat' dir='ltr'>idern</span> <span class='ocrx_word' id='word_1_143' title='bbox 506 1541 680 1595; x_wconf 80' lang='lat' dir='ltr'>Ritsehelius</span> <span class='ocrx_word' id='word_1_144' title='bbox 702 1559 729 1610; x_wconf 84' lang='lat' dir='ltr'>p</span> <span class='ocrx_word' id='word_1_145' title='bbox 750 1546 802 1593; x_wconf 89' lang='grc'>115</span> <span class='ocrx_word' id='word_1_146' title='bbox 826 1542 855 1592; x_wconf 90' lang='lat' dir='ltr'>et</span> <span class='ocrx_word' id='word_1_147' title='bbox 879 1543 929 1591; x_wconf 88' lang='grc'>132</span> <span class='ocrx_word' id='word_1_148' title='bbox 951 1538 1079 1591; x_wconf 87' lang='lat' dir='ltr'>animad-</span> 
     </span>
     <span class='ocr_line' id='line_1_19' title="bbox 55 1608 1079 1680; baseline -0.002 -15"><span class='ocrx_word' id='word_1_149' title='bbox 55 1608 157 1675; x_wconf 83' lang='lat' dir='ltr'>vortit.</span> <span class='ocrx_word' id='word_1_150' title='bbox 225 1608 505 1674; x_wconf 72' lang='grc' dir='ltr'>17311οιιειο1ωιι</span> <span class='ocrx_word' id='word_1_151' title='bbox 531 1666 542 1680; x_wconf 67' lang='grc'>,</span> <span class='ocrx_word' id='word_1_152' title='bbox 571 1613 596 1667; x_wconf 86' lang='lat' dir='ltr'>is</span> <span class='ocrx_word' id='word_1_153' title='bbox 611 1612 758 1666; x_wconf 87' lang='lat' dir='ltr'>edendam.</span> <span class='ocrx_word' id='word_1_154' title='bbox 821 1610 877 1665; x_wconf 81' lang='grc'>176</span> <span class='ocrx_word' id='word_1_155' title='bbox 892 1610 1079 1679; x_wconf 74' lang='lat' dir='ltr'>llarquardus</span> 
     </span>
     <span class='ocr_line' id='line_1_20' title="bbox 56 1679 1080 1752; baseline 0.001 -17"><span class='ocrx_word' id='word_1_156' title='bbox 56 1679 204 1735; x_wconf 82' lang='lat' dir='ltr'>Freherus</span> <span class='ocrx_word' id='word_1_157' title='bbox 222 1682 421 1752; x_wconf 77' lang='grc'>(1565-1614)</span> <span class='ocrx_word' id='word_1_158' title='bbox 442 1684 509 1738; x_wconf 86' lang='lat' dir='ltr'>inde</span> <span class='ocrx_word' id='word_1_159' title='bbox 531 1701 548 1736; x_wconf 88' lang='lat' dir='ltr'>a</span> <span class='ocrx_word' id='word_1_160' title='bbox 592 1680 909 1737; x_wconf 75' lang='lat' dir='ltr'>a.1596-1seaPaeii</span> <span class='ocrx_word' id='word_1_161' title='bbox 930 1681 993 1736; x_wconf 84' lang='lat' dir='ltr'>loco</span> <span class='ocrx_word' id='word_1_162' title='bbox 1016 1699 1080 1751; x_wconf 88' lang='lat' dir='ltr'>pro·</span> 
     </span>
     <span class='ocr_line' id='line_1_21' title="bbox 57 1750 1080 1835; baseline 0.001 -29"><span class='ocrx_word' id='word_1_163' title='bbox 57 1752 154 1806; x_wconf 82' lang='lat' dir='ltr'>fossor</span> <span class='ocrx_word' id='word_1_164' title='bbox 170 1750 244 1805; x_wconf 85' lang='lat' dir='ltr'>iuris</span> <span class='ocrx_word' id='word_1_165' title='bbox 262 1751 519 1824; x_wconf 83' lang='lat' dir='ltr'>Heidelbergensis‚</span> <span class='ocrx_word' id='word_1_166' title='bbox 538 1755 668 1825; x_wconf 80' lang='lat' dir='ltr'>deposito</span> <span class='ocrx_word' id='word_1_167' title='bbox 687 1754 790 1808; x_wconf 85' lang='lat' dir='ltr'>deinde</span> <span class='ocrx_word' id='word_1_168' title='bbox 808 1754 864 1811; x_wconf 81' lang='lat' dir='ltr'>isto</span> <span class='ocrx_word' id='word_1_169' title='bbox 882 1770 997 1808; x_wconf 89' lang='lat' dir='ltr'>munere</span> <span class='ocrx_word' id='word_1_170' title='bbox 1016 1771 1080 1835; x_wconf 72' lang='lat' dir='ltr'>gra-</span> 
     </span>
     <span class='ocr_line' id='line_1_22' title="bbox 57 1822 1080 1895; baseline 0 -18"><span class='ocrx_word' id='word_1_171' title='bbox 57 1822 191 1877; x_wconf 81' lang='lat' dir='ltr'>vioribus</span> <span class='ocrx_word' id='word_1_172' title='bbox 214 1822 288 1876; x_wconf 83' lang='lat' dir='ltr'>curis</span> <span class='ocrx_word' id='word_1_173' title='bbox 311 1826 341 1878; x_wconf 90' lang='lat' dir='ltr'>et</span> <span class='ocrx_word' id='word_1_174' title='bbox 362 1826 485 1895; x_wconf 82' lang='lat' dir='ltr'>negotiis</span> <span class='ocrx_word' id='word_1_175' title='bbox 509 1826 546 1879; x_wconf 84' lang='lat' dir='ltr'>ab</span> <span class='ocrx_word' id='word_1_176' title='bbox 564 1826 694 1880; x_wconf 80' lang='lat' dir='ltr'>Electore</span> <span class='ocrx_word' id='word_1_177' title='bbox 712 1825 855 1879; x_wconf 70' lang='lat' dir='ltr'>friderico</span> <span class='ocrx_word' id='word_1_178' title='bbox 868 1825 915 1880; x_wconf 75' lang='lat' dir='ltr'>IV.</span> <span class='ocrx_word' id='word_1_179' title='bbox 934 1824 1080 1879; x_wconf 81' lang='lat' dir='ltr'>adhibitus</span> 
     </span>
     <span class='ocr_line' id='line_1_23' title="bbox 56 1892 1079 1966; baseline -0.001 -17"><span class='ocrx_word' id='word_1_180' title='bbox 56 1894 181 1949; x_wconf 75' lang='lat' dir='ltr'>nudem</span> <span class='ocrx_word' id='word_1_181' title='bbox 208 1892 331 1949; x_wconf 81' lang='lat' dir='ltr'>vicarius</span> <span class='ocrx_word' id='word_1_182' title='bbox 358 1897 497 1966; x_wconf 83' lang='lat' dir='ltr'>praesidis</span> <span class='ocrx_word' id='word_1_183' title='bbox 521 1897 617 1951; x_wconf 80' lang='lat' dir='ltr'>curiae</span> <span class='ocrx_word' id='word_1_184' title='bbox 644 1900 756 1950; x_wconf 86' lang='lat' dir='ltr'>oreatus</span> <span class='ocrx_word' id='word_1_185' title='bbox 782 1900 833 1951; x_wconf 88' lang='lat' dir='ltr'>est.</span> <span class='ocrx_word' id='word_1_186' title='bbox 870 1896 936 1949; x_wconf 65' lang='lat' dir='ltr'>tid.</span> <span class='ocrx_word' id='word_1_187' title='bbox 959 1896 1079 1966; x_wconf 80' lang='lat' dir='ltr'>Allgem.</span> 
     </span>
     <span class='ocr_line' id='line_1_24' title="bbox 57 1964 1081 2044; baseline -0.001 -24"><span class='ocrx_word' id='word_1_188' title='bbox 57 1964 208 2044; x_wconf 72' lang='lat' dir='ltr'>Deutsche</span> <span class='ocrx_word' id='word_1_189' title='bbox 234 1964 328 2037; x_wconf 76' lang='lat' dir='ltr'>Biogr.</span> <span class='ocrx_word' id='word_1_190' title='bbox 351 1967 405 2020; x_wconf 91' lang='lat' dir='ltr'>VlI</span> <span class='ocrx_word' id='word_1_191' title='bbox 423 1974 475 2022; x_wconf 74' lang='lat'>334</span> <span class='ocrx_word' id='word_1_192' title='bbox 503 1979 532 2022; x_wconf 86' lang='lat' dir='ltr'>et</span> <span class='ocrx_word' id='word_1_193' title='bbox 556 1968 711 2038; x_wconf 84' lang='lat' dir='ltr'>Stintzing‚</span> <span class='ocrx_word' id='word_1_194' title='bbox 744 1967 843 2022; x_wconf 83' lang='lat' dir='ltr'>Gesoh.</span> <span class='ocrx_word' id='word_1_195' title='bbox 872 1967 898 2021; x_wconf 93' lang='lat' dir='ltr'>d.</span> <span class='ocrx_word' id='word_1_196' title='bbox 926 1966 1081 2021; x_wconf 84' lang='lat' dir='ltr'>deutschen</span> 
     </span>
     <span class='ocr_line' id='line_1_25' title="bbox 51 2036 1081 2107; baseline -0.001 -16"><span class='ocrx_word' id='word_1_197' title='bbox 51 2036 247 2107; x_wconf 48' lang='lat' dir='ltr'>,Bothum</span> <span class='ocrx_word' id='word_1_198' title='bbox 268 2038 282 2090; x_wconf 93' lang='lat' dir='ltr'>I</span> <span class='ocrx_word' id='word_1_199' title='bbox 304 2043 365 2093; x_wconf 82' lang='lat'><strong>680.</strong></span> <span class='ocrx_word' id='word_1_200' title='bbox 388 2071 422 2079; x_wconf 93' lang='lat'>—</span> <span class='ocrx_word' id='word_1_201' title='bbox 446 2038 587 2104; x_wconf 79' lang='lat' dir='ltr'>Quattuor</span> <span class='ocrx_word' id='word_1_202' title='bbox 608 2039 722 2094; x_wconf 83' lang='lat' dir='ltr'>Gruteri</span> <span class='ocrx_word' id='word_1_203' title='bbox 744 2040 871 2093; x_wconf 84' lang='lat' dir='ltr'>earmina</span> <span class='ocrx_word' id='word_1_204' title='bbox 895 2039 943 2091; x_wconf 84' lang='lat' dir='ltr'>‘In</span> <span class='ocrx_word' id='word_1_205' title='bbox 965 2038 1081 2107; x_wconf 85' lang='lat' dir='ltr'>nuptias</span> 
     </span>
     <span class='ocr_line' id='line_1_26' title="bbox 58 2106 1080 2180; baseline -0.001 -19"><span class='ocrx_word' id='word_1_206' title='bbox 58 2106 155 2176; x_wconf 74' lang='lat' dir='ltr'>Mnrq.</span> <span class='ocrx_word' id='word_1_207' title='bbox 169 2107 286 2162; x_wconf 81' lang='lat' dir='ltr'>Freheri</span> <span class='ocrx_word' id='word_1_208' title='bbox 304 2126 368 2163; x_wconf 85' lang='lat' dir='ltr'>eum</span> <span class='ocrx_word' id='word_1_209' title='bbox 380 2110 509 2164; x_wconf 86' lang='lat' dir='ltr'>Weiera&#39;</span> <span class='ocrx_word' id='word_1_210' title='bbox 529 2111 560 2164; x_wconf 93' lang='lat' dir='ltr'>in</span> <span class='ocrx_word' id='word_1_211' title='bbox 573 2111 657 2165; x_wconf 86' lang='lat' dir='ltr'>Delit.</span> <span class='ocrx_word' id='word_1_212' title='bbox 673 2112 746 2180; x_wconf 91' lang='lat' dir='ltr'>poet.</span> <span class='ocrx_word' id='word_1_213' title='bbox 762 2109 841 2178; x_wconf 85' lang='lat' dir='ltr'>Belg.</span> <span class='ocrx_word' id='word_1_214' title='bbox 855 2109 881 2161; x_wconf 91' lang='grc' dir='ltr'>Π</span> <span class='ocrx_word' id='word_1_215' title='bbox 894 2127 922 2178; x_wconf 88' lang='lat' dir='ltr'>p.</span> <span class='ocrx_word' id='word_1_216' title='bbox 938 2113 990 2161; x_wconf 75' lang='grc'>813</span> <span class='ocrx_word' id='word_1_217' title='bbox 1006 2111 1080 2173; x_wconf 84' lang='lat' dir='ltr'>sunt,</span> 
     </span>
     <span class='ocr_line' id='line_1_27' title="bbox 58 2177 1132 2252; baseline -0.005 -17"><span class='ocrx_word' id='word_1_218' title='bbox 58 2177 177 2235; x_wconf 73' lang='lat' dir='ltr'>Melissi</span> <span class='ocrx_word' id='word_1_219' title='bbox 200 2178 415 2248; x_wconf 73' lang='lat' dir='ltr'>epithalamium</span> <span class='ocrx_word' id='word_1_220' title='bbox 434 2182 547 2252; x_wconf 88' lang='lat' dir='ltr'>‘primis</span> <span class='ocrx_word' id='word_1_221' title='bbox 566 2181 689 2252; x_wconf 90' lang='lat' dir='ltr'>nuptiis&#39;</span> <span class='ocrx_word' id='word_1_222' title='bbox 711 2180 891 2234; x_wconf 83' lang='lat' dir='ltr'>decantatum</span> <span class='ocrx_word' id='word_1_223' title='bbox 910 2179 987 2248; x_wconf 85' lang='lat' dir='ltr'>apud</span> <span class='ocrx_word' id='word_1_224' title='bbox 1005 2178 1081 2231; x_wconf 85' lang='lat' dir='ltr'>Ada·</span> <span class='ocrx_word' id='word_1_225' title='bbox 1127 2216 1132 2223; x_wconf 88' lang='lat'>.</span> 
     </span>
     <span class='ocr_line' id='line_1_28' title="bbox 59 2248 1082 2307; baseline 0 -5"><span class='ocrx_word' id='word_1_226' title='bbox 59 2267 145 2303; x_wconf 90' lang='lat' dir='ltr'>mum</span> <span class='ocrx_word' id='word_1_227' title='bbox 180 2248 212 2302; x_wconf 93' lang='lat' dir='ltr'>in</span> <span class='ocrx_word' id='word_1_228' title='bbox 236 2250 310 2305; x_wconf 87' lang='lat' dir='ltr'>Vitis</span> <span class='ocrx_word' id='word_1_229' title='bbox 342 2252 545 2307; x_wconf 84' lang='lat' dir='ltr'>Germanorum</span> <span class='ocrx_word' id='word_1_230' title='bbox 571 2251 827 2307; x_wconf 80' lang='lat' dir='ltr'>Iureconsnltorum</span> <span class='ocrx_word' id='word_1_231' title='bbox 852 2249 981 2304; x_wconf 91' lang='lat' dir='ltr'>Heidelb.</span> <span class='ocrx_word' id='word_1_232' title='bbox 1012 2255 1082 2303; x_wconf 86' lang='grc'>1620</span> 
     </span>
     <span class='ocr_line' id='line_1_29' title="bbox 81 2319 1082 2392; baseline -0.003 -15"><span class='ocrx_word' id='word_1_233' title='bbox 81 2325 176 2377; x_wconf 77' lang='grc'>,473</span> <span class='ocrx_word' id='word_1_234' title='bbox 205 2319 284 2378; x_wconf 76' lang='lat' dir='ltr'>Ceth.</span> <span class='ocrx_word' id='word_1_235' title='bbox 303 2324 401 2377; x_wconf 88' lang='lat' dir='ltr'>Wiera</span> <span class='ocrx_word' id='word_1_236' title='bbox 419 2324 509 2390; x_wconf 74' lang='lat' dir='ltr'>(Wier</span> <span class='ocrx_word' id='word_1_237' title='bbox 531 2324 591 2377; x_wconf 79' lang='lat' dir='ltr'>sire</span> <span class='ocrx_word' id='word_1_238' title='bbox 609 2324 724 2392; x_wconf 75' lang='lat' dir='ltr'>Weyer)</span> <span class='ocrx_word' id='word_1_239' title='bbox 747 2324 821 2390; x_wconf 83' lang='lat' dir='ltr'>erat,</span> <span class='ocrx_word' id='word_1_240' title='bbox 845 2324 878 2373; x_wconf 95' lang='lat' dir='ltr'>ut</span> <span class='ocrx_word' id='word_1_241' title='bbox 899 2321 999 2374; x_wconf 84' lang='lat' dir='ltr'>scribit</span> <span class='ocrx_word' id='word_1_242' title='bbox 1020 2321 1082 2390; x_wconf 88' lang='lat' dir='ltr'>ipse</span> 
     </span>
     <span class='ocr_line' id='line_1_30' title="bbox 100 2391 1162 2476; baseline -0.001 -30"><span class='ocrx_word' id='word_1_243' title='bbox 100 2392 206 2476; x_wconf 40' lang='lat' dir='ltr'>&#39;herus</span> <span class='ocrx_word' id='word_1_244' title='bbox 229 2393 302 2464; x_wconf 83' lang='lat' dir='ltr'>Soip.</span> <span class='ocrx_word' id='word_1_245' title='bbox 325 2395 431 2449; x_wconf 85' lang='lat' dir='ltr'>Gentili</span> <span class='ocrx_word' id='word_1_246' title='bbox 457 2413 515 2449; x_wconf 93' lang='lat' dir='ltr'>non</span> <span class='ocrx_word' id='word_1_247' title='bbox 541 2395 662 2449; x_wconf 87' lang='lat' dir='ltr'>multum</span> <span class='ocrx_word' id='word_1_248' title='bbox 688 2392 895 2473; x_wconf 29' lang='lat' dir='ltr'>post-nuptias</span> <span class='ocrx_word' id='word_1_249' title='bbox 923 2391 1081 2446; x_wconf 85' lang='lat' dir='ltr'>celebratas</span> <span class='ocrx_word' id='word_1_250' title='bbox 1158 2420 1162 2425; x_wconf 94' lang='lat'>·</span> 
     </span>
     <span class='ocr_line' id='line_1_31' title="bbox 59 2464 1082 2616; baseline 0.011 -27"><span class='ocrx_word' id='word_1_251' title='bbox 59 2464 204 2607; x_wconf 57' lang='lat' dir='ltr'>that</span> <span class='ocrx_word' id='word_1_252' title='bbox 214 2464 402 2605; x_wconf 54' lang='lat' dir='ltr'>{oluit</span> <span class='ocrx_word' id='word_1_253' title='bbox 416 2464 1082 2616; x_wconf 58' lang='lat' dir='ltr'>ltelhlssszhlttthhttuttl</span> 
     </span>
     <span class='ocr_line' id='line_1_32' title="bbox 60 2605 1083 2678; baseline -0.003 -16"><span class='ocrx_word' id='word_1_254' title='bbox 60 2625 88 2662; x_wconf 84' lang='lat' dir='ltr'>v.</span> <span class='ocrx_word' id='word_1_255' title='bbox 103 2605 228 2661; x_wconf 84' lang='lat' dir='ltr'>Joeeher</span> <span class='ocrx_word' id='word_1_256' title='bbox 240 2606 279 2661; x_wconf 87' lang='lat' dir='ltr'>IV</span> <span class='ocrx_word' id='word_1_257' title='bbox 294 2611 381 2677; x_wconf 89' lang='grc'>1952),</span> <span class='ocrx_word' id='word_1_258' title='bbox 401 2625 454 2663; x_wconf 82' lang='lat' dir='ltr'>avo</span> <span class='ocrx_word' id='word_1_259' title='bbox 473 2612 591 2678; x_wconf 78' lang='lat' dir='ltr'>paterno</span> <span class='ocrx_word' id='word_1_260' title='bbox 610 2609 715 2673; x_wconf 88' lang='lat' dir='ltr'>Ioanne</span> <span class='ocrx_word' id='word_1_261' title='bbox 733 2606 784 2666; x_wconf 77' lang='lat' dir='ltr'>illo</span> <span class='ocrx_word' id='word_1_262' title='bbox 798 2606 894 2660; x_wconf 85' lang='lat' dir='ltr'>W1ero</span> <span class='ocrx_word' id='word_1_263' title='bbox 913 2612 950 2675; x_wconf 80' lang='lat' dir='ltr'>(v.</span> <span class='ocrx_word' id='word_1_264' title='bbox 964 2606 1083 2660; x_wconf 88' lang='lat' dir='ltr'>Joecher</span> 
     </span>
     <span class='ocr_line' id='line_1_33' title="bbox 61 2676 1082 2747; baseline -0.002 -13"><span class='ocrx_word' id='word_1_265' title='bbox 61 2677 82 2734; x_wconf 75' lang='lat' dir='ltr'>l</span> <span class='ocrx_word' id='word_1_266' title='bbox 98 2694 125 2733; x_wconf 86' lang='lat' dir='ltr'>o.</span> <span class='ocrx_word' id='word_1_267' title='bbox 140 2679 173 2732; x_wconf 83' lang='lat' dir='ltr'>et</span> <span class='ocrx_word' id='word_1_268' title='bbox 184 2676 294 2747; x_wconf 88' lang='lat' dir='ltr'>Hirsoh‚</span> <span class='ocrx_word' id='word_1_269' title='bbox 312 2679 377 2735; x_wconf 86' lang='lat' dir='ltr'>Lex.</span> <span class='ocrx_word' id='word_1_270' title='bbox 393 2679 420 2735; x_wconf 81' lang='lat' dir='ltr'>d.</span> <span class='ocrx_word' id='word_1_271' title='bbox 435 2682 536 2734; x_wconf 86' lang='lat' dir='ltr'>Aerzte</span> <span class='ocrx_word' id='word_1_272' title='bbox 550 2680 589 2733; x_wconf 87' lang='lat' dir='ltr'>VI</span> <span class='ocrx_word' id='word_1_273' title='bbox 603 2683 676 2747; x_wconf 90' lang='grc'>255),</span> <span class='ocrx_word' id='word_1_274' title='bbox 694 2682 809 2732; x_wconf 85' lang='lat' dir='ltr'>auctore</span> <span class='ocrx_word' id='word_1_275' title='bbox 823 2677 857 2731; x_wconf 90' lang='lat' dir='ltr'>de</span> <span class='ocrx_word' id='word_1_276' title='bbox 872 2677 967 2732; x_wconf 84' lang='lat' dir='ltr'>lamiis</span> <span class='ocrx_word' id='word_1_277' title='bbox 985 2677 1082 2745; x_wconf 81' lang='lat' dir='ltr'>(Basil.</span> 
     </span>
     <span class='ocr_line' id='line_1_34' title="bbox 64 2748 1083 2821; baseline -0.001 -18"><span class='ocrx_word' id='word_1_278' title='bbox 64 2750 151 2819; x_wconf 85' lang='grc'>1577)</span> <span class='ocrx_word' id='word_1_279' title='bbox 171 2750 200 2802; x_wconf 93' lang='lat' dir='ltr'>et</span> <span class='ocrx_word' id='word_1_280' title='bbox 216 2750 378 2821; x_wconf 77' lang='lat' dir='ltr'>praestigiis</span> <span class='ocrx_word' id='word_1_281' title='bbox 397 2751 565 2805; x_wconf 84' lang='lat' dir='ltr'>daemonum</span> <span class='ocrx_word' id='word_1_282' title='bbox 584 2750 681 2819; x_wconf 55' lang='lat' dir='ltr'>(Basil.</span> <span class='ocrx_word' id='word_1_283' title='bbox 698 2754 785 2818; x_wconf 89' lang='grc'>1563),</span> <span class='ocrx_word' id='word_1_284' title='bbox 805 2749 947 2803; x_wconf 77' lang='lat' dir='ltr'>archiatro</span> <span class='ocrx_word' id='word_1_285' title='bbox 967 2748 1083 2814; x_wconf 83' lang='lat' dir='ltr'>luliaco,</span> 
     </span>
     <span class='ocr_line' id='line_1_35' title="bbox 60 2819 1083 2889; baseline -0.002 -14"><span class='ocrx_word' id='word_1_286' title='bbox 60 2822 197 2877; x_wconf 78' lang='lat' dir='ltr'>materno</span> <span class='ocrx_word' id='word_1_287' title='bbox 218 2821 343 2876; x_wconf 85' lang='lat' dir='ltr'>Iohanne</span> <span class='ocrx_word' id='word_1_288' title='bbox 361 2822 476 2889; x_wconf 87' lang='lat' dir='ltr'>thtio,</span> <span class='ocrx_word' id='word_1_289' title='bbox 499 2822 560 2876; x_wconf 84' lang='lat' dir='ltr'>viro</span> <span class='ocrx_word' id='word_1_290' title='bbox 584 2821 774 2877; x_wconf 85' lang='lat' dir='ltr'>eruditissimo</span> <span class='ocrx_word' id='word_1_291' title='bbox 798 2823 827 2873; x_wconf 89' lang='lat' dir='ltr'>et</span> <span class='ocrx_word' id='word_1_292' title='bbox 849 2821 960 2874; x_wconf 86' lang='lat' dir='ltr'>medico</span> <span class='ocrx_word' id='word_1_293' title='bbox 980 2819 1083 2873; x_wconf 82' lang='lat' dir='ltr'>eximio</span> 
     </span>
     <span class='ocr_line' id='line_1_36' title="bbox 53 2889 1083 2963; baseline -0.006 -16"><span class='ocrx_word' id='word_1_294' title='bbox 53 2890 219 2947; x_wconf 75' lang='lat' dir='ltr'>&#39;Coloniae&#39;</span> <span class='ocrx_word' id='word_1_295' title='bbox 240 2893 595 2963; x_wconf 74' lang='lat' dir='ltr'>(v.Hirsohl.o.11262).</span> <span class='ocrx_word' id='word_1_296' title='bbox 616 2925 650 2932; x_wconf 93' lang='grc'>-</span> <span class='ocrx_word' id='word_1_297' title='bbox 669 2891 806 2946; x_wconf 84' lang='lat' dir='ltr'>Freherus</span> <span class='ocrx_word' id='word_1_298' title='bbox 828 2889 1013 2960; x_wconf 83' lang='lat' dir='ltr'>epithalamia</span> <span class='ocrx_word' id='word_1_299' title='bbox 1032 2889 1083 2942; x_wconf 84' lang='lat' dir='ltr'>ali-</span> 
     </span>
     <span class='ocr_line' id='line_1_37' title="bbox 54 2960 1085 3033; baseline -0.008 -12"><span class='ocrx_word' id='word_1_300' title='bbox 54 3016 58 3021; x_wconf 92' lang='lat'>.</span> <span class='ocrx_word' id='word_1_301' title='bbox 83 2964 138 3017; x_wconf 89' lang='lat' dir='ltr'>not</span> <span class='ocrx_word' id='word_1_302' title='bbox 156 2962 233 3033; x_wconf 78' lang='lat' dir='ltr'>typis</span> <span class='ocrx_word' id='word_1_303' title='bbox 252 2965 417 3019; x_wconf 83' lang='lat' dir='ltr'>excudenda</span> <span class='ocrx_word' id='word_1_304' title='bbox 435 2965 546 3019; x_wconf 83' lang='lat' dir='ltr'>curavit</span> <span class='ocrx_word' id='word_1_305' title='bbox 564 2972 600 3028; x_wconf 82' lang='lat' dir='ltr'>(v.</span> <span class='ocrx_word' id='word_1_306' title='bbox 621 2964 681 3018; x_wconf 89' lang='lat' dir='ltr'>eius</span> <span class='ocrx_word' id='word_1_307' title='bbox 700 2963 782 3033; x_wconf 88' lang='lat' dir='ltr'>epist.</span> <span class='ocrx_word' id='word_1_308' title='bbox 802 2962 839 3016; x_wconf 84' lang='lat' dir='ltr'>ad</span> <span class='ocrx_word' id='word_1_309' title='bbox 853 2962 926 3031; x_wconf 86' lang='lat' dir='ltr'>Soip.</span> <span class='ocrx_word' id='word_1_310' title='bbox 942 2960 1085 3015; x_wconf 84' lang='lat' dir='ltr'>Gentilem</span> 
     </span>
     <span class='ocr_line' id='line_1_38' title="bbox 62 2980 803 3106; baseline -0.001 -17"><span class='ocrx_word' id='word_1_311' title='bbox 62 2980 128 3089; x_wconf 73' lang='lat' dir='ltr'>inu.</span> <span class='ocrx_word' id='word_1_312' title='bbox 149 3038 220 3089; x_wconf 86' lang='grc'>1596</span> <span class='ocrx_word' id='word_1_313' title='bbox 239 3035 337 3089; x_wconf 87' lang='lat' dir='ltr'>datam</span> <span class='ocrx_word' id='word_1_314' title='bbox 355 3036 430 3089; x_wconf 91' lang='lat' dir='ltr'>inter</span> <span class='ocrx_word' id='word_1_315' title='bbox 448 3036 529 3106; x_wconf 87' lang='lat' dir='ltr'>epist.</span> <span class='ocrx_word' id='word_1_316' title='bbox 550 3034 670 3089; x_wconf 86' lang='lat' dir='ltr'>Gudian.</span> <span class='ocrx_word' id='word_1_317' title='bbox 711 3036 803 3103; x_wconf 75' lang='grc'>347).</span> 
     </span>
     <span class='ocr_line' id='line_1_39' title="bbox 139 3054 1084 3176; baseline -0.006 -16"><span class='ocrx_word' id='word_1_318' title='bbox 139 3104 197 3161; x_wconf 87' lang='grc'>177</span> <span class='ocrx_word' id='word_1_319' title='bbox 217 3106 313 3161; x_wconf 86' lang='lat' dir='ltr'>Priore</span> <span class='ocrx_word' id='word_1_320' title='bbox 331 3107 460 3176; x_wconf 85' lang='lat' dir='ltr'>epistola.</span> <span class='ocrx_word' id='word_1_321' title='bbox 547 3106 605 3161; x_wconf 85' lang='grc'>178</span> <span class='ocrx_word' id='word_1_322' title='bbox 623 3054 716 3160; x_wconf 69' lang='lat' dir='ltr'>Ioecl.</span> <span class='ocrx_word' id='word_1_323' title='bbox 737 3103 890 3159; x_wconf 77' lang='lat' dir='ltr'>camerarii</span> <span class='ocrx_word' id='word_1_324' title='bbox 907 3102 982 3156; x_wconf 86' lang='lat' dir='ltr'>filius</span> <span class='ocrx_word' id='word_1_325' title='bbox 1002 3106 1084 3169; x_wconf 83' lang='grc'>(1534</span> 
     </span>
     <span class='ocr_line' id='line_1_40' title="bbox 63 3174 1084 3247; baseline -0.003 -18"><span class='ocrx_word' id='word_1_326' title='bbox 63 3179 196 3245; x_wconf 81' lang='grc'>-1598),</span> <span class='ocrx_word' id='word_1_327' title='bbox 215 3176 282 3231; x_wconf 89' lang='lat' dir='ltr'>inde</span> <span class='ocrx_word' id='word_1_328' title='bbox 300 3178 337 3232; x_wconf 86' lang='lat' dir='ltr'>ab</span> <span class='ocrx_word' id='word_1_329' title='bbox 359 3195 384 3232; x_wconf 90' lang='lat' dir='ltr'>a.</span> <span class='ocrx_word' id='word_1_330' title='bbox 406 3183 475 3233; x_wconf 83' lang='grc'>1564</span> <span class='ocrx_word' id='word_1_331' title='bbox 494 3177 628 3247; x_wconf 70' lang='lat' dir='ltr'>physicus</span> <span class='ocrx_word' id='word_1_332' title='bbox 648 3174 901 3245; x_wconf 82' lang='lat' dir='ltr'>Norimbergonsis,</span> <span class='ocrx_word' id='word_1_333' title='bbox 921 3191 954 3227; x_wconf 86' lang='lat' dir='ltr'>ex</span> <span class='ocrx_word' id='word_1_334' title='bbox 973 3189 998 3228; x_wconf 85' lang='lat' dir='ltr'>a.</span> <span class='ocrx_word' id='word_1_335' title='bbox 1015 3178 1084 3227; x_wconf 83' lang='grc'>1592</span> 
     </span>
     <span class='ocr_line' id='line_1_41' title="bbox 64 3244 1086 3319; baseline -0.004 -18"><span class='ocrx_word' id='word_1_336' title='bbox 64 3246 242 3302; x_wconf 77' lang='lat' dir='ltr'>medicorum</span> <span class='ocrx_word' id='word_1_337' title='bbox 268 3249 382 3318; x_wconf 86' lang='lat' dir='ltr'>collegii</span> <span class='ocrx_word' id='word_1_338' title='bbox 405 3248 649 3319; x_wconf 81' lang='lat' dir='ltr'>Norimbergensis</span> <span class='ocrx_word' id='word_1_339' title='bbox 678 3247 809 3301; x_wconf 85' lang='lat' dir='ltr'>deonnus.</span> <span class='ocrx_word' id='word_1_340' title='bbox 850 3244 937 3299; x_wconf 83' lang='lat' dir='ltr'>Plura</span> <span class='ocrx_word' id='word_1_341' title='bbox 959 3262 984 3300; x_wconf 83' lang='lat' dir='ltr'>v.</span> <span class='ocrx_word' id='word_1_342' title='bbox 1010 3245 1086 3314; x_wconf 87' lang='lat' dir='ltr'>apud</span> 
     </span>
     <span class='ocr_line' id='line_1_42' title="bbox 63 3316 1085 3388; baseline -0.004 -15"><span class='ocrx_word' id='word_1_343' title='bbox 63 3316 291 3388; x_wconf 86' lang='lat' dir='ltr'>Will-Nopitsch</span> <span class='ocrx_word' id='word_1_344' title='bbox 305 3322 317 3374; x_wconf 91' lang='grc' dir='ltr'>Ι</span> <span class='ocrx_word' id='word_1_345' title='bbox 333 3325 392 3388; x_wconf 82' lang='grc'>173,</span> <span class='ocrx_word' id='word_1_346' title='bbox 412 3320 438 3374; x_wconf 88' lang='lat' dir='ltr'><strong>V</strong></span> <span class='ocrx_word' id='word_1_347' title='bbox 453 3325 511 3373; x_wconf 84' lang='grc'>145.</span> <span class='ocrx_word' id='word_1_348' title='bbox 581 3320 639 3374; x_wconf 85' lang='grc'>179</span> <span class='ocrx_word' id='word_1_349' title='bbox 653 3317 785 3372; x_wconf 88' lang='lat' dir='ltr'>Melissus</span> <span class='ocrx_word' id='word_1_350' title='bbox 799 3320 884 3387; x_wconf 83' lang='lat' dir='ltr'>poeta</span> <span class='ocrx_word' id='word_1_351' title='bbox 897 3333 994 3371; x_wconf 90' lang='lat' dir='ltr'>mense</span> <span class='ocrx_word' id='word_1_352' title='bbox 1008 3317 1085 3386; x_wconf 84' lang='lat' dir='ltr'>Sept.</span> 
     </span>
     <span class='ocr_line' id='line_1_43' title="bbox 55 3387 1084 3460; baseline -0.004 -16"><span class='ocrx_word' id='word_1_353' title='bbox 55 3406 95 3457; x_wconf 71' lang='lat' dir='ltr'>a.</span> <span class='ocrx_word' id='word_1_354' title='bbox 115 3394 187 3442; x_wconf 85' lang='grc'>1593</span> <span class='ocrx_word' id='word_1_355' title='bbox 205 3390 346 3457; x_wconf 83' lang='lat' dir='ltr'>Emiliam,</span> <span class='ocrx_word' id='word_1_356' title='bbox 364 3390 434 3447; x_wconf 88' lang='lat' dir='ltr'>Lud.</span> <span class='ocrx_word' id='word_1_357' title='bbox 453 3390 579 3460; x_wconf 83' lang='lat' dir='ltr'>Iordani,</span> <span class='ocrx_word' id='word_1_358' title='bbox 604 3388 759 3445; x_wconf 85' lang='lat' dir='ltr'>consiliarii</span> <span class='ocrx_word' id='word_1_359' title='bbox 777 3387 807 3441; x_wconf 90' lang='lat' dir='ltr'>in</span> <span class='ocrx_word' id='word_1_360' title='bbox 826 3388 976 3443; x_wconf 82' lang='lat' dir='ltr'>dionsterio</span> <span class='ocrx_word' id='word_1_361' title='bbox 995 3387 1084 3441; x_wconf 82' lang='lat' dir='ltr'>Eleet.</span> 
     </span>
     <span class='ocr_line' id='line_1_44' title="bbox 56 3456 1086 3531; baseline -0.006 -16"><span class='ocrx_word' id='word_1_362' title='bbox 56 3459 198 3527; x_wconf 75' lang='lat' dir='ltr'>¹Palatini</span> <span class='ocrx_word' id='word_1_363' title='bbox 211 3461 313 3531; x_wconf 80' lang='lat' dir='ltr'>aulico,</span> <span class='ocrx_word' id='word_1_364' title='bbox 331 3461 421 3516; x_wconf 87' lang='lat' dir='ltr'>filiam</span> <span class='ocrx_word' id='word_1_365' title='bbox 435 3462 466 3515; x_wconf 89' lang='lat' dir='ltr'>in</span> <span class='ocrx_word' id='word_1_366' title='bbox 478 3461 690 3516; x_wconf 84' lang='lat' dir='ltr'>matrimonium</span> <span class='ocrx_word' id='word_1_367' title='bbox 704 3459 785 3513; x_wconf 82' lang='lat' dir='ltr'>duxit</span> <span class='ocrx_word' id='word_1_368' title='bbox 800 3459 930 3530; x_wconf 79' lang='lat' dir='ltr'>(Allgem.</span> <span class='ocrx_word' id='word_1_369' title='bbox 945 3456 1086 3513; x_wconf 83' lang='lat' dir='ltr'>Deutsohe</span> 
     </span>
     <span class='ocr_line' id='line_1_45' title="bbox 67 3526 1087 3603; baseline -0.006 -17"><span class='ocrx_word' id='word_1_370' title='bbox 67 3530 166 3601; x_wconf 81' lang='lat' dir='ltr'>Biogr.</span> <span class='ocrx_word' id='word_1_371' title='bbox 181 3536 214 3586; x_wconf 91' lang='grc'>21</span> <span class='ocrx_word' id='word_1_372' title='bbox 233 3552 260 3603; x_wconf 89' lang='lat' dir='ltr'>p.</span> <span class='ocrx_word' id='word_1_373' title='bbox 275 3539 346 3601; x_wconf 83' lang='grc'>294).</span> <span class='ocrx_word' id='word_1_374' title='bbox 420 3533 478 3589; x_wconf 79' lang='grc'>186</span> <span class='ocrx_word' id='word_1_375' title='bbox 496 3533 546 3588; x_wconf 83' lang='lat' dir='ltr'>Ex.</span> <span class='ocrx_word' id='word_1_376' title='bbox 562 3550 585 3588; x_wconf 87' lang='lat' dir='ltr'>o.</span> <span class='ocrx_word' id='word_1_377' title='bbox 603 3533 687 3587; x_wconf 89' lang='lat' dir='ltr'>Henr.</span> <span class='ocrx_word' id='word_1_378' title='bbox 703 3531 832 3599; x_wconf 65' lang='lat' dir='ltr'>Smenos,</span> <span class='ocrx_word' id='word_1_379' title='bbox 853 3531 932 3585; x_wconf 88' lang='lat' dir='ltr'>ouius</span> <span class='ocrx_word' id='word_1_380' title='bbox 946 3526 1087 3599; x_wconf 84' lang='lat' dir='ltr'>epithala-</span> 
     </span>
    </p>
   </div>
   <div class='ocr_carea' id='block_1_3' title="bbox 124 3625 1136 3752">
    <p class='ocr_par' dir='ltr' id='par_1_3' title="bbox 124 3625 1136 3752">
     <span class='ocr_line' id='line_1_46' title="bbox 124 3625 924 3679; baseline 0.009 -9"><span class='ocrx_word' id='word_1_381' title='bbox 124 3629 201 3679; x_wconf 73' lang='lat' dir='ltr'>Epist.</span> <span class='ocrx_word' id='word_1_382' title='bbox 215 3643 273 3673; x_wconf 71' lang='lat' dir='ltr'>seeo.</span> <span class='ocrx_word' id='word_1_383' title='bbox 287 3633 345 3673; x_wconf 81' lang='lat' dir='ltr'>XVI</span> <span class='ocrx_word' id='word_1_384' title='bbox 358 3636 381 3672; x_wconf 86' lang='lat' dir='ltr'>et</span> <span class='ocrx_word' id='word_1_385' title='bbox 395 3632 470 3674; x_wconf 81' lang='lat' dir='ltr'>XVIL</span> <span class='ocrx_word' id='word_1_386' title='bbox 892 3625 924 3672; x_wconf 85' lang='lat' dir='ltr'>ll</span> 
     </span>
     <span class='ocr_line' id='line_1_47' title="bbox 1042 3722 1136 3752; baseline 0 0"><span class='ocrx_word' id='word_1_387' title='bbox 1042 3722 1136 3752; x_wconf 56' lang='grc' dir='ltr'><strong>Α</strong></span> 
     </span>
    </p>
   </div>
   <div class='ocr_carea' id='block_1_4' title="bbox 0 0 1222 3966">
    <p class='ocr_par' dir='ltr' id='par_1_4' title="bbox 0 0 1222 3966">
     <span class='ocr_line' id='line_1_48' title="bbox 0 0 1222 3966; baseline 0 0"><span class='ocrx_word' id='word_1_388' title='bbox 0 0 1222 3966; x_wconf 95' lang='lat' dir='ltr'> </span> 
     </span>
    </p>
   </div>
  </div>
 </body>
</html>
