2400 3966
527 189 665 259 epistolae
1040 187 1101 250 111

52 352 77 405 et
96 343 314 404 Dectissime
339 338 396 399 Dn.
419 337 548 420 Nicolae,
570 341 664 399 amice
688 340 808 418 optime,
832 338 908 416 apud
928 336 1104 415 Regiemen·

53 442 136 495 tanos
162 438 314 493 nestros
339 430 524 489 commorari·
541 430 652 507 accepi,
675 429 794 505 saepius
816 429 848 486 in
871 434 1001 486 mentem
1023 429 1105 486 uenit

53 532 156 603 optare
190 520 246 581 Te
280 517 402 578 ibidem
429 516 530 577 videre
558 524 589 577 et
617 516 740 597 alloqui,
768 518 959 594 querereris
983 523 1102 575 nestrae

54 609 307 674 coniunctionis
336 606 490 667 vinculum
512 605 608 667 denuo
632 608 718 685 quasi
740 606 910 665 firmaretur
933 606 1103 683 arctiusque

55 702 354 778 constringeretur.
400 695 459 756 Sed
491 697 580 756 variis
613 694 740 774 puhlicis
769 697 951 773 privatisque
979 693 1103 771 impedi-

54 793 168 853 mentis
203 788 370 848 bactenus
393 783 518 845 obiectis
540 784 731 864 praepeditus
755 783 904 844 desiderio
927 803 993 844 mee
1018 785 1103 843 satis-

54 881 154 943 fecere
189 894 267 939 non
300 875 399 955 potui,
427 873 499 934 adeo
522 879 555 934 ut
577 874 696 934 tandem
719 872 827 933 litteris
850 872 886 933 ad
909 874 950 934 Te
975 875 1104 933 invisere

55 973 156 1031 risum
183 965 312 1045 fuerit,
340 981 409 1023 cum
431 981 554 1042 corpore
578 963 710 1023 nendum
732 961 828 1023 liceat.
874 962 938 1033 Qua
960 963 1103 1023 haetenus

56 1060 184 1121 fortuma
215 1061 254 1115 et
280 1069 386 1112 rerum
410 1070 551 1112 successu
572 1071 645 1113 usus
669 1055 720 1132 sis,
743 1054 820 1111 seire
844 1055 948 1130 gestie.
988 1051 1032 1112 Ex
1056 1070 1104 1111 me

56 1151 81 1210 si
101 1148 201 1208 idem
231 1159 378 1222 quaeras,
400 1143 441 1201 ita
463 1140 551 1202 habe:
576 1160 625 1202 me
648 1141 773 1202 lustrata
796 1159 864 1201 cum
887 1140 1026 1201 Nobiliss.
1050 1140 1103 1200 [ln.

56 1237 163 1299 llarce
192 1252 217 1295 a
243 1229 418 1309 Rehlingen
441 1233 579 1291 universa
602 1229 694 1291 Gallia
717 1230 879 1308 Augustam
898 1228 1011 1289 Vindel.
1036 1229 1104 1288 red-

56 1329 130 1388 iisse
158 1330 198 1386 et
226 1323 296 1381 iam
318 1325 383 1380 tum
406 1319 534 1381 reditum
558 1323 590 1380 in
613 1322 738 1398 patriam
763 1321 954 1398 cogitantem,
982 1318 1104 1377 fratrem

58 1426 149 1478 tunm
173 1401 401 1488 Georgiumffl
425 1409 499 1470 mihi
522 1403 767 1470 substituisse⁵⁰2.
805 1408 862 1468 Sed
886 1414 965 1468 statu
984 1406 1104 1466 Gerula-

58 1508 129 1566 niae
154 1510 237 1563 tum
263 1497 363 1558 adhuc
385 1496 469 1558 valde
491 1497 611 1559 turbate
633 1517 689 1558 nec
713 1496 772 1558 ulla
795 1500 923 1577 viarum,
951 1515 1005 1575 per
1031 1514 1104 1575 quas

60 1593 213 1656 eundum
228 1593 309 1670 erat,
326 1589 485 1648 securitate
499 1595 669 1668 apparente,
683 1589 811 1666 temperi
825 1589 969 1647 inservire
985 1593 1104 1647 coactus

60 1686 92 1745 in
109 1680 251 1744 ltaliam
270 1683 395 1755 rogante
413 1679 455 1737 ita
472 1676 591 1756 Magnis.
609 1675 681 1737 Dne.
700 1676 869 1737 Maecenate
893 1678 1022 1756 excurri,
1044 1694 1105 1736 nen

60 1780 95 1834 ut
113 1770 166 1832 ibi
187 1768 252 1830 diu
272 1764 476 1848 subsisterem,
496 1765 548 1826 sed
563 1767 673 1826 amices
688 1772 804 1826 veteres
819 1765 924 1826 saltem
939 1769 1106 1845 comitarer,

63 1863 168 1923 donec
207 1854 289 1916 risis
316 1854 482 1933 potioribus
510 1854 610 1916 ltaliae
639 1853 764 1915 urbibus
793 1856 921 1916 reditum
949 1856 985 1915 ad
1013 1873 1105 1935 meos,

64 1962 267 2031 meumque
294 1950 423 2025 pateret,
449 1952 639 2005 maturarem.
687 1943 745 2004 Sed
769 1963 837 2005 eece
862 1947 909 2004 vix
934 1945 1012 2005 Pisis
1036 1944 1105 2005 sub-

65 2038 263 2101 sederamus
293 2039 324 2092 et
349 2032 426 2094 male
454 2033 540 2094 fratri
567 2042 618 2093 tue
646 2052 714 2094 cum
743 2053 811 2094 aere
840 2042 870 2094 et
897 2037 977 2095 victu
1004 2032 1105 2094 Italico

65 2126 247 2190 convenire
268 2123 374 2200 eoepit.
411 2122 508 2194 Quare
527 2121 660 2183 lustratis
679 2123 868 2202 postmodum
888 2122 983 2183 adhuc
999 2122 1105 2201 Laeca,

67 2218 164 2278 Senis
198 2219 234 2273 et
256 2210 350 2271 Roma
378 2211 498 2272 demum
527 2213 592 2290 ipse
620 2219 756 2290 repetere
785 2214 927 2291 instituit,
956 2228 1011 2289 ege
1034 2228 1104 2269 vere

67 2309 199 2367 exitum
224 2298 296 2361 inde
320 2301 352 2361 in
369 2299 541 2361 Borussiam
564 2319 619 2380 per
642 2303 828 2380 superiorem
847 2300 1035 2360 Germaniam
1059 2317 1105 2358 se-

68 2410 189 2457 curum
215 2387 333 2451 nullum
355 2388 468 2451 habens
491 2392 610 2469 perrexi
633 2390 802 2451 lustrandae
826 2391 981 2449 universae
1005 2386 1105 2448 Italiae

69 2483 220 2562 reliquos
250 2477 287 2539 ab
315 2480 380 2539 eius
407 2478 542 2540 discessu
569 2498 688 2541 menses
716 2476 848 2539 tribuere
877 2480 979 2557 sicque
1008 2475 1105 2536 denue

69 2575 252 2652 Augustam
288 2569 442 2647 superiore
480 2575 591 2628 aestate
628 2569 712 2629 redii.
762 2567 867 2647 Magne
899 2566 961 2629 illic
992 2566 1106 2626 honore

70 2663 226 2739 allectus,
254 2655 468 2718 humanissime
497 2656 616 2718 habitus
640 2665 670 2718 et
694 2676 762 2718 eum
785 2660 1001 2718 contestatione
1026 2674 1106 2716 sum-

70 2768 144 2813 mae
170 2745 401 2809 benevolentiae
424 2747 544 2807 tandem
568 2746 710 2807 dimissus
734 2747 771 2807 ad
789 2746 1025 2826 Neribergenses
1050 2748 1107 2805 iter

71 2838 218 2919 institui,
247 2835 316 2895 inde
344 2834 572 2896 Franeol'urtum
595 2836 630 2896 ad
654 2834 792 2896 Moenum
815 2855 862 2897 me
887 2835 1012 2916 contuli,
1039 2841 1107 2912 post

73 2926 222 2991 lustratis
247 2922 443 2985 nobilioribus
463 2925 499 2986 ad
518 2925 655 2986 Rhenum
674 2925 800 2986 urbibus
819 2934 849 2986 et
867 2922 1106 3005 propugnaculis,

74 3017 233 3097 Gelriam,
264 3015 396 3093 potiores
423 3013 518 3092 Belgii
545 3016 728 3095 provincias,
759 3022 916 3092 utramque
943 3013 1107 3091 Phrysiam,

76 3107 115 3169 ad
140 3106 221 3167 haec
245 3104 404 3183 primarias
424 3104 557 3164 civitates
576 3105 748 3164 Anseatieas
767 3105 798 3162 in
817 3104 959 3163 inferiore
980 3101 1107 3162 Saxonia

76 3196 151 3279 adii,
172 3191 287 3274 quibus
306 3191 444 3253 omuibus
463 3199 606 3271 quantum
626 3191 791 3254 sufficiehat
809 3194 880 3252 visis
898 3190 1106 3253 consideratis-

77 3303 140 3367 que
174 3301 233 3364 per
265 3280 472 3341 Pomeraniam
505 3281 603 3342 salvus
636 3283 755 3343 tandem
787 3289 817 3343 et
849 3282 1006 3342 incolumis
1039 3285 1106 3339 ante

76 3375 231 3436 bimestre
256 3371 379 3431 circiter
401 3370 459 3431 huc
483 3389 549 3430 sum
573 3371 697 3452 delatus,
720 3371 772 3432 uhi
792 3370 907 3432 caelebs
927 3370 1022 3431 adhuc
1042 3371 1107 3428 vive

79 3471 113 3525 et
130 3464 281 3544 privatus,
306 3477 364 3538 quo
384 3456 518 3538 publicas
538 3458 602 3520 illas
622 3468 652 3522 et
670 3463 799 3539 privatas
818 3460 1008 3540 calamitates,
1032 3475 1107 3536 quae

80 3571 131 3614 me
159 3557 232 3633 pest
262 3547 454 3607 decennalem
482 3548 644 3610 absentiam
672 3567 779 3628 magne
802 3569 927 3611 numere
950 3550 999 3608 bic
1023 3563 1108 3606 exce·
