2400 3966
483 230 623 302 aanor»

63 381 163 461 iastae,
188 379 345 441 auditores
365 398 437 440 sero
457 390 659 460 emunguntur
676 381 907 462 capitationibus
924 392 954 442 et
972 385 1065 442 recti·

62 468 160 546 palibus
180 469 408 530 exhauriuntur.
443 469 548 530 Triti-
560 470 707 551 Hassiam,
724 471 909 532 i'eterariam
924 480 953 531 et
967 474 1065 531 vicina

62 555 110 618 ioca
131 560 247 619 evertit
267 558 410 639 iamditus,
431 558 502 619 dum
523 560 613 620 militi
630 563 697 620 eius
715 564 815 621 omnia
833 560 933 622 licent
973 559 1065 620 Bassa

62 644 196 708 indensis
209 665 282 708 cum
296 645 317 709 3
332 646 400 708 aliis
412 647 512 709 Bessis
525 651 754 729 impressionem
767 651 867 711 iecere
880 653 912 710 in
926 649 1065 729 Styriam,

62 743 210 797 uureutes
238 745 405 798 erastautes
430 739 512 798 rieos
538 738 646 818 oppida
673 758 768 799 arces
813 738 927 819 Gabor,
957 738 1065 798 daciae

62 827 203 907 pinceps‚
235 827 500 887 instnrctissimum
528 827 617 888 habet
650 831 830 909 exercitum,
864 847 954 908 quem
986 827 1064 888 haud

61 913 158 976 indta
191 913 262 976 alet
290 913 381 994 Regis
407 914 468 975 roc
490 912 510 977 d
532 916 743 995 πρωτοτόκος
772 936 876 978 mense
908 920 1065 997 superiore

62 1002 176 1082 Augusti
196 1004 348 1083 Augustae
369 1004 454 1064 i'ind
476 1012 508 1066 et
528 1004 712 1085 Norilsergae
734 1007 801 1086 init,
823 1006 893 1067 inde
912 1006 1066 1067 Bruxeilas

61 1087 264 1153 contendit⁵¹⁶z
284 1093 336 1154 hat
352 1093 388 1154 Η
406 1093 588 1155 flainisoiem
608 1097 659 1155 ein
677 1095 764 1156 stdck
783 1099 919 1174 Agtstein
937 1095 1067 1175 rerehrt,

61 1179 133 1242 darin
146 1183 201 1242 ein
214 1189 336 1261 gantaer
347 1181 451 1243 Eidex.
486 1182 675 1244 Professores
689 1184 827 1244 Aitortini
840 1182 938 1243 raient
952 1200 1067 1262 omnes,

60 1272 137 1331 ctiam
155 1277 232 1332 tuus
244 1270 400 1342 Queccius.
435 1271 524 1333 Plura
542 1291 597 1333 nee
616 1282 687 1334 sunt
705 1292 760 1334 nee
774 1273 846 1334 iicet
858 1291 914 1351 per
927 1274 1066 1348 amicum,

61 1361 102 1437 qui
121 1361 158 1421 in
179 1361 339 1440 procinctu
360 1369 415 1421 est
451 1360 496 1422 Tu
513 1364 606 1440 igitur
623 1362 707 1423 hisee
725 1361 789 1422 rale
808 1369 839 1421 et
857 1362 955 1420 iacere
973 1377 1065 1438 perge

499 1467 563 1528 Tuo
585 1468 787 1529 Hermanno
809 1465 1020 1543 Tederingo.

94 1570 166 1634 oab.
184 1574 295 1653 raptim
316 1573 494 1656 Daniisei,
515 1575 592 1654 prid.
610 1575 639 1636 d.
657 1573 810 1634 Michaelis
829 1593 854 1633 a.
873 1572 905 1633 C.
925 1568 1021 1634 1624

199 1760 252 1831 83.
280 1764 320 1831 ii.
342 1763 569 1852 Thederingus
592 1765 662 1833 liic.
683 1764 918 1833 Rittershusio.

57 1865 220 1923 dantisei.
841 1875 885 1926 26.
905 1868 966 1924 Oet.
986 1874 1065 1924 1624„
1094 1874 1098 1881 “

116 1977 285 2041 ..Nicolao
311 1978 510 2042 Rittershusio
534 1981 579 2043 iC.
607 1985 640 2042 in
662 1981 819 2042 Academia
846 1982 976 2042 Prutena
998 2000 1027 2060 p.
1046 1990 1067 2041 t.

56 2070 247 2129 commoranti
260 2116 268 2128 .
283 2115 291 2129 .
304 2067 509 2149 Koenigsberg
522 2118 529 2130 .
545 2118 551 2130 .

113 2156 376 2218 Praestantissime
395 2167 425 2218 et
442 2158 619 2221 Doctissime
638 2159 692 2219 Dn.
712 2158 842 2238 Nicolae,
860 2160 957 2217 amice
973 2155 1067 2235 pluri-

56 2264 134 2307 mum
169 2244 355 2307 honorande!

117 2333 177 2396 Sat
188 2341 219 2395 et
226 2335 274 2395 off.
297 2334 463 2417 Tarduses,
474 2337 594 2416 nequid
605 2337 701 2397 dicam
712 2337 841 2414 gravius,
855 2336 887 2393 in
898 2331 1068 2412 scribendo,

54 2425 143 2484 immo
156 2423 364 2504 respondendo
378 2424 414 2484 ad
429 2444 511 2486 meas
524 2424 620 2506 binas,
637 2442 710 2503 quas
724 2427 802 2483 intra
816 2420 958 2481 bimestre
974 2419 1010 2480 ad
1024 2420 1066 2480 Te

54 2511 132 2594 dedi,
152 2530 210 2592 per
231 2515 351 2594 amicos,
374 2515 426 2592 qui
448 2532 499 2574 eas
520 2522 602 2576 recte
621 2507 683 2595 (sat
700 2504 777 2594 scio)
797 2516 948 2570 curarunt.
989 2508 1067 2579 Quid

54 2608 119 2662 tuas
146 2609 328 2683 remoretur,
355 2603 473 2684 ignor03
501 2605 631 2663 rariores
654 2600 775 2681 quidem
798 2617 878 2659 nunc
901 2605 971 2659 sunt
994 2600 1068 2658 scri-

53 2688 144 2751 bendi
172 2693 357 2772 occasiones,
384 2691 436 2751 sed
462 2691 579 2770 cupidis
602 2709 662 2751 non
685 2689 772 2768 plane
795 2687 901 2748 nullae.
948 2686 1068 2748 Clariss.

52 2777 103 2840 lin
128 2778 201 2839 Bau.
223 2772 381 2840 BeckeriU
408 2779 485 2839 med.
509 2778 528 2839 l.
554 2786 670 2839 vestrae
698 2776 866 2838 academiae
894 2770 941 2859 (ni
968 2769 1068 2858 fallor)

52 2867 215 2949 professor,
233 2869 306 2928 ciris
325 2875 355 2928 et
372 2870 488 2929 vicinus
507 2868 656 2946 quondam
675 2885 769 2945 meus,
790 2864 896 2925 lubens
915 2871 981 2923 tuas
1000 2881 1068 2922 eum

53 2959 116 3018 suis
143 2955 182 3017 ad
209 2974 258 3016 me
280 2959 455 3018 traiecisset.
500 2956 582 3016 Idem
606 2962 794 3034 expectarem
817 2969 934 3031 quoque
954 2969 971 3010 a
993 2949 1067 3009 Nob.

52 3043 106 3106 Du.
121 3043 157 3106 N.
171 3042 346 3126 Langenon,
368 3048 420 3124 qui
439 3063 507 3105 eum
526 3048 694 3124 inspectore
714 3060 767 3102 suo
785 3040 839 3100 Dn.
854 3037 1068 3116 Schmedorpio

54 3151 163 3195 recens
185 3133 221 3194 ad
239 3133 297 3194 Vos
321 3136 446 3195 accessit
469 3133 557 3194 etad
581 3151 651 3193 suos
674 3132 722 3190 hic
746 3129 881 3189 crebrius
904 3126 1000 3187 literis
1023 3128 1069 3185 in-

54 3224 133 3283 risit
172 3214 230 3304 (Ad
251 3216 444 3306 marginemz)
467 3221 521 3281 Die
541 3221 641 3282 Churi.
660 3219 811 3297 Regirung
829 3235 865 3276 zu
883 3213 1070 3294 Kdnigsherg

54 3308 208 3379 schreibet
228 3310 304 3372 auch
326 3330 395 3372 zum
416 3311 525 3371 oiiiern
548 3329 585 3370 an
608 3309 656 3369 die
675 3306 775 3368 Churi.
795 3303 987 3365 Consiliarios
1009 3303 1070 3363 und

54 3399 190 3478 Agenten
225 3399 274 3460 hie
311 3399 510 3460 residirende:
547 3397 634 3458 dahei
669 3413 748 3456 were
783 3402 879 3454 etnan
912 3391 988 3453 auch
1020 3393 1069 3451 ein

59 3485 224 3548 Schreiben
246 3490 300 3548 mit
322 3486 584 3566 unterzubringen.
621 3483 706 3556 Quod
730 3502 778 3543 me
800 3489 896 3562 urget,
919 3479 991 3540 illud
1017 3485 1070 3556 est,

58 3591 119 3636 non
151 3592 238 3655 posse
270 3595 317 3638 me
349 3575 489 3637 Nobiliss.
523 3583 610 3653 atque
643 3570 781 3651 Ampliss
808 3570 862 3630 Dn.
890 3566 1070 3629 Hainhoiero

10 3666 17 3747 ι
1055 3732 1125 3747 *ι-

696 3760 699 3769 ι
