2400 3966
475 182 515 237 ed
533 181 578 236 W.
595 181 755 237 Meurerum
1082 178 1124 246 17

72 341 99 394 et
125 342 268 414 propter
305 331 415 394 loach.
442 339 473 393 et
499 338 622 411 propter
647 350 696 392 me
724 333 814 392 etiam
842 332 958 393 confido
988 339 1019 392 te
1047 331 1123 394 bene

73 440 194 503 cupere.

116 541 156 633 (E
181 547 284 608 ludo
312 538 523 629 Portensi),
545 544 577 606 D.
596 545 640 606 Vl.
660 545 700 606 ld.
719 545 779 606 Ian,
799 538 926 668 9548).

165 636 303 698 Salutat
330 643 364 696 te
390 635 556 695 officiosiss.
579 641 680 696 rector
702 652 787 695 meus
816 682 822 696 .

557 758 590 821 Τ.
613 751 803 842 Esr(omus
825 751 1079 842 Rudingerus).

278 1001 331 1073 15.
369 1001 444 1072 lise.
466 1000 678 1090 Rudingeeus
702 1002 757 1070 W.
779 1002 941 1073 hiemem.

67 1108 229 1199 ¹(illudo
250 1104 445 1175 Portansi).
882 1112 924 1164 30.
944 1107 1003 1163 Iun.
1023 1113 1124 1179 (1548).

157 1270 165 1283 .
187 1270 194 1283 .
221 1221 259 1282 D.
281 1217 469 1299 Vuollgango
492 1218 627 1281 Meurero
652 1268 658 1281 .
679 1267 686 1281 .
709 1221 749 1280 X.
770 1223 844 1283 Iulii
861 1222 956 1282 1548.

157 1312 190 1372 S.
211 1310 250 1370 D.
281 1307 403 1369 Nudins
420 1311 528 1370 tenius
550 1312 720 1388 accepimns
745 1328 788 1389 ea,
811 1329 886 1388 quae
905 1318 938 1370 tu
956 1309 1015 1370 hue
1035 1313 1124 1371 remi·

100 1402 171 1482 sisti,
191 1415 387 1460 oeconomus
406 1416 526 1480 equum,
549 1416 603 1477 ego
622 1399 749 1460 calcaria
766 1416 825 1457 una
847 1414 914 1458 eum
937 1397 1048 1459 litteris
1066 1402 1127 1460 tuis

102 1487 253 1570 hilamlis,
286 1493 323 1547 ul
349 1487 534 1548 videbantur.
579 1487 652 1548 Mihi
678 1494 777 1548 autem
806 1487 884 1566 qnod
917 1489 1034 1566 gratias⁸
1055 1491 1127 1571 agis,

67 1648 69 1653 ¹
106 1577 171 1639 heis
195 1573 237 1639 ἐκ
260 1575 472 1658 περιουσίας,
499 1579 577 1637 sicut
604 1594 784 1638 oeconomus
811 1576 881 1658 hoc,
910 1577 988 1656 quod
1018 1596 1126 1658 equum

108 1665 154 1727 tihi
181 1667 354 1746 concessit,
387 1672 421 1726 ut
447 1664 571 1747 scribis,
599 1668 751 1745 optimum.
802 1664 867 1726 Etsi
896 1685 956 1726 non
984 1667 1126 1751 intelligo,

111 1755 173 1834 quid
197 1758 253 1816 sit:
280 1756 422 1834 quoniam
442 1773 510 1816 cum
526 1757 629 1835 peiore
649 1762 831 1816 commutare
849 1754 943 1817 licuit.
972 1756 1052 1818 Scito
1072 1760 1126 1836 igi-

113 1851 152 1904 tur
173 1852 205 1906 te
229 1845 389 1923 negotium
411 1851 492 1904 recte
516 1862 644 1905 curasse.
676 1843 779 1924 Equus
803 1847 882 1904 enim
906 1843 1004 1906 salvus
1027 1853 1073 1906 est
1097 1853 1127 1906 et

114 1931 230 1994 calearia
249 1934 378 2011 integra.
409 1933 472 1994 Hoc
491 1940 589 1994 autem
609 1934 770 2012 significari
788 1933 844 1994 tihi
861 1933 991 2017 voluisti,
1005 1934 1126 2014 absque

116 2039 165 2100 puo
183 2025 211 2083 si
235 2023 355 2103 luisset,
378 2021 452 2082 nihil
474 2021 646 2083 habuissem
674 2040 754 2084 nunc
777 2014 911 2104 quidem,
939 2024 975 2084 de
1004 2043 1062 2103 quo
1091 2023 1128 2084 ad

117 2116 140 2170 le
154 2111 340 2173 indicassem
368 2109 572 2194 scribendum,
600 2130 778 2192 quamquam
804 2112 861 2172 hoc
889 2111 1000 2191 aliquid
1029 2115 1128 2194 etiam,

119 2205 144 2259 ut
163 2199 211 2262 ille
236 2203 288 2282 ait,
311 2199 388 2261 nihil
412 2207 465 2261 est.
499 2199 599 2262 Salute
622 2220 692 2262 vero
715 2201 771 2261 tihi
790 2218 865 2280 opus
885 2207 1009 2260 estnon
1028 2203 1128 2261 minus

119 2305 195 2367 quam
217 2288 318 2371 nobis,
342 2294 373 2350 et
394 2289 473 2351 haud
497 2291 573 2371 scio,
596 2308 633 2351 an
656 2290 747 2370 paulo
767 2290 874 2370 magis,
901 2293 946 2372 τῷ
972 2286 1129 2368 δηλονότι

119 2376 339 2459 pepercitum.
399 2378 482 2439 Hane
512 2380 604 2458 igitur
635 2378 691 2441 tihi
723 2395 915 2458 repreoamur
952 2375 1061 2438 salvam
1098 2387 1129 2440 et

120 2476 278 2548 praepetem
305 2465 425 2549 singuli,
449 2468 596 2546 siquidem
615 2468 670 2529 hac
688 2467 764 2529 nihil
778 2473 832 2549 est,
855 2473 889 2527 ut
908 2466 1024 2549 scribis,
1048 2477 1127 2528 com⁴

67 2548 69 2575 ¹
121 2555 231 2620 nodius.
281 2555 307 2618 0
331 2576 386 2638 pr,
409 2556 472 2618 vale
496 2564 526 2618 et
547 2576 595 2618 me
619 2576 693 2618 ama.

156 2673 189 2764 (h
210 2683 299 2746 ludo
323 2676 523 2766 Portensi),
552 2683 584 2744 ll.
608 2683 704 2762 pridie
728 2682 787 2744 Cal.
813 2683 953 2755 Quintilis
978 2679 1104 2768 (1548).
1149 2713 1153 2721 ·

521 2806 553 2868 Τ.
576 2800 785 2892 Esr(omus)
809 2802 1082 2895 R(udingerus).

294 3063 342 3134 lli.
372 3065 447 3137 llsr.
468 3067 681 3156 Rudingems
703 3069 758 3140 W.
780 3069 941 3138 Mensem.
1042 3172 1073 3228 M

424 3179 426 3185 ’
981 3176 1023 3228 18.
1074 3177 1128 3234 arc.

151 3268 303 3330 'Eximio‘
319 3266 485 3330 medicinae
513 3269 628 3331 doctori
652 3269 706 3331 [ln.
730 3269 910 3350 Vuollgango
933 3269 1070 3332 Meurero
1094 3320 1128 3334 ..

160 3357 206 3420 .S.
225 3355 259 3418 D.
284 3355 369 3428 Quod
388 3375 492 3419 coram.
511 3361 648 3440 egissem,
672 3361 698 3419 si
721 3359 867 3441 alluisseS,
890 3360 927 3422 de
951 3379 985 3421 eo
1008 3360 1062 3422 has
1080 3362 1129 3423 lit·

120 3447 192 3506 teras
219 3445 257 3506 ad
284 3452 316 3506 te
343 3449 461 3508 exaravi
486 3450 518 3508 in
546 3455 688 3528 apparatu
717 3448 752 3507 ad
783 3451 841 3509 iter
869 3456 899 3510 et
925 3450 1127 3511 festinaturus.

120 3528 175 3592 Oro
189 3541 287 3595 autem
302 3533 334 3594 T.
348 3533 405 3617 Pr,
424 3539 504 3597 omni
519 3537 600 3598 cultu
615 3538 799 3598 reverentiae
815 3538 990 3617 dignissime
1004 3536 1128 3598 Domine

167 3642 241 3693 nsua
256 3654 316 3685 aneo.
331 3644 388 3687 XVI
401 3649 424 3687 et
437 3647 512 3690 xvm
952 3643 967 3690 2
