2400 3966
526 165 668 237 epistolae
1059 167 1101 231 57

45 310 53 368 l
116 312 250 395 Inspbasse
270 337 325 380 me
347 321 386 378 in
407 316 555 397 plurimis
573 323 681 397 tecum,
703 319 750 378 uti
767 316 869 377 videre
888 318 1001 396 poteris
1020 317 1104 378 brevi

45 416 52 456 r
114 421 193 467 snora
210 407 402 487 Symmachi
418 406 554 467 editione
573 399 722 486 Lectum,
744 408 794 466 cui
817 409 1003 467 coniecturas
1022 425 1103 468 meas

114 501 144 555 dt
158 514 261 559 annum
286 498 547 558 transmiseram.
580 494 623 555 td
642 494 861 556 Artemidorum
886 496 966 575 quod
989 499 1102 573 attinet,

45 609 49 617 ·
112 584 179 662 inid
194 586 305 667 habes,
333 585 423 665 quod
448 583 605 644 meliorem
623 584 710 645 laciat
729 587 895 646 versionem
915 578 1104 664 (tornai-iim,

45 683 47 721 ὲ
110 670 156 734 brt
173 678 236 756 ipse
262 673 490 737 Commelinus
513 669 568 753 <in
591 671 712 754 animo>
736 692 800 734 earn
829 693 897 735 cum
921 673 1033 733 Graeco
1058 692 1102 732 re·

109 761 172 824 nine
192 765 293 826 brevi.
346 762 550 824 Casaubonus
578 762 650 822 mibi
677 769 745 823 ante
775 771 919 823 semestre
944 764 1104 841 scripserat

108 861 198 928 nutum
221 874 257 914 se
285 873 306 914 a
333 852 472 932 quodam
493 853 558 911 viro
580 869 701 934 magno,
731 852 870 913 editionis
894 854 958 912 eius
982 851 1104 912 haberet

106 957 180 1024 urm,
212 943 271 1004 sed
305 944 464 1002 reiecerat
490 939 574 1001 illum
601 941 638 1002 ad
661 960 723 1022 me,
751 942 829 1020 quod
858 949 925 1001 ante
949 940 1103 1001 biennium

105 1030 322 1112 iscripsissem
353 1037 478 1110 paratos
507 1029 617 1090 habere
647 1049 694 1091 me
726 1033 954 1092 commentarios
982 1031 1043 1090 lere
1072 1033 1103 1090 ln

103 1114 153 1179 lbra
175 1114 401 1182 auctorem²⁷¹.
447 1120 485 1179 lt
507 1120 600 1200 enim,
631 1126 665 1181 ut
687 1123 784 1199 noris,
816 1120 961 1180 Graecum
989 1128 1103 1180 textum

100 1209 200 1272 undum
223 1210 305 1271 vidi.
356 1207 596 1269 Commentarius
623 1217 722 1270 autem
749 1228 835 1269 meus
863 1215 975 1287 spectat
1005 1227 1103 1269 mores

100 1305 182 1360 ntum
206 1307 240 1360 et
258 1299 426 1377 historica,
448 1295 557 1376 quibus
575 1296 658 1358 dives
677 1306 723 1358 est
742 1300 924 1358 somniorum
944 1296 992 1357 ille
1013 1300 1103 1355 inter-

98 1404 150 1464 pres.
171 1389 286 1468 ltaque
308 1393 385 1466 puto
405 1385 642 1447 emendationem
660 1394 759 1447 textus
775 1385 880 1447 Graeci
898 1406 914 1447 a
929 1384 1103 1447 Casaubono

97 1486 208 1538 uratum
233 1478 288 1537 iri.
334 1475 382 1535 Tu
406 1477 432 1534 si
455 1493 572 1554 quoque
596 1475 667 1555 quid
690 1482 785 1557 poteS,
809 1476 951 1536 candidus
976 1476 1103 1552 imperti,

96 1562 230 1627 leiussit
256 1563 429 1626 scriberem
452 1563 660 1625 Commelinus.
707 1565 816 1644 Scoppi
846 1567 942 1625 nostri
965 1563 1104 1624 schedam

94 1651 202 1716 libenter
227 1653 297 1732 legi
319 1659 352 1713 et
369 1652 482 1734 hortor,
504 1661 538 1714 nt
555 1662 667 1733 pergat.
699 1654 761 1733 Ego
780 1654 855 1714 nihiI
873 1654 966 1714 habeo
985 1661 1105 1733 praeter

93 1752 153 1826 rou,
191 1744 314 1824 quibus
352 1759 421 1802 eum
453 1742 590 1804 adiutem.
641 1743 757 1804 Literas
790 1744 960 1804 Camerario
997 1745 1103 1803 missas

91 1833 283 1913 nullusrid13
316 1830 386 1891 ideo
409 1849 506 1911 neque
535 1832 570 1892 ad
598 1835 694 1911 capita
722 1833 839 1893 illarum
863 1840 921 1913 cst,
955 1832 1033 1911 quod
1057 1851 1104 1892 re-

91 1923 253 2001 spondeam.
303 1919 410 1980 Eidem
442 1929 541 1982 tamen
572 1940 653 1982 nunc
680 1925 795 2001 nescio,
828 1923 899 2001 quid
932 1922 1104 2001 scriberem,

89 2014 136 2073 nisi
158 2015 193 2073 in
218 2013 284 2071 isto
308 2010 483 2088 gravissimo
507 2009 589 2072 luctu
613 2014 728 2072 animus
756 2010 881 2071 aliarum
904 2019 984 2071 esset
1003 2029 1103 2070 rerum

90 2095 161 2184 (rie).
191 2100 256 2160 Vos
273 2100 396 2159 interim
414 2097 491 2159 bene
504 2099 612 2181 valete3
624 2099 710 2160 'salve
730 2107 817 2178 atque
837 2102 897 2160 tuis
916 2102 1103 2180 potissimum

88 2190 179 2250 urbis
212 2191 265 2248 vir
294 2186 337 2248 CI.
361 2186 414 2247 lin.
437 2187 673 2269 Wesembecius,
706 2189 738 2248 D.
762 2188 888 2249 Gentilis
921 2196 951 2248 et
983 2190 1007 2246 si
1037 2190 1104 2265 quis

87 2279 167 2340 isthic
192 2283 357 2357 praeterea
379 2279 438 2337 mei
461 2295 583 2338 memor.

123 2383 413 2462 Heidelbergae,
435 2382 483 2443 die
500 2381 531 2443 4.
546 2383 659 2443 Ianuar.
676 2380 780 2464 1597,
800 2403 888 2463 quern
907 2383 991 2443 vobis
1011 2386 1105 2442 omni-

87 2472 136 2535 bns
159 2475 300 2535 faustum
328 2471 506 2552 vitalemque
534 2480 602 2551 opto
631 2481 660 2533 et
688 2491 785 2551 spero.
831 2472 910 2533 Haec
933 2474 1041 2550 raptim
1065 2474 1104 2531 ita

87 2571 177 2624 utne
202 2561 368 2639 relegerim
391 2560 475 2640 quid,
499 2561 577 2640 quod
601 2563 663 2622 sere
688 2563 760 2622 mihi
783 2562 890 2622 solens.

297 2764 349 2836 45.
381 2767 408 2834 Ι.
432 2767 589 2837 Gruterus
614 2771 644 2836 0.
668 2770 900 2839 Rittershusio.

88 2890 358 2959 Heidelbergae.
862 2899 904 2946 27.
924 2893 1004 2946 Febr.
1025 2898 1102 2947 1598.

152 2989 182 3049 S.
202 2985 236 3047 P.
270 2967 386 3046 literas
418 2993 497 3067 tuas,
526 2986 635 3066 quibus
663 2987 780 3047 additus
809 2988 873 3047 dies
900 2986 1001 3047 XXIII.
1025 2986 1107 3066 Nou,

86 3087 153 3141 ante
182 3075 321 3138 triduum
348 3081 452 3136 nactus
480 3094 559 3156 sum,
592 3079 691 3155 itaque
716 3077 879 3137 excusabor
903 3078 978 3156 scio,
1012 3077 1038 3135 si
1061 3079 1106 3136 cis

86 3170 184 3229 serius
214 3163 384 3244 respondeo
412 3165 501 3224 etde
526 3166 678 3244 Suspectis
702 3159 886 3245 Schoppii²⁷²
915 3164 1023 3226 uberes
1051 3184 1105 3245 ago

85 3257 139 3319 tibi
163 3259 256 3336 eique
275 3255 396 3333 gratias.
427 3253 481 3313 His
500 3253 574 3315 locis
592 3273 740 3334 nusquam
757 3254 842 3315 licuit
861 3257 1003 3336 reperire,
1027 3256 1106 3336 quod

85 3366 155 3427 ergo
174 3363 273 3408 unum
297 3343 433 3422 licuerat,
455 3341 585 3403 Frehero
609 3352 712 3404 nostro
736 3345 803 3404 vlne
827 3362 863 3403 an
881 3348 1017 3422 precario
1040 3346 1106 3406 abs-

83 3437 144 3499 tuli.
195 3434 296 3516 Opera
321 3433 388 3492 eius
406 3449 467 3490 non
485 3432 714 3513 contemnenda,
738 3450 773 3492 eo
798 3435 887 3492 etiam
910 3437 1013 3515 magis,
1038 3436 1106 3513 quia

83 3547 135 3609 ego
160 3530 224 3588 iam
247 3540 310 3584 non
335 3519 400 3580 dies
424 3519 509 3602 duco,
532 3522 584 3583 sed
608 3513 759 3602 annosm,
790 3521 868 3600 quod
891 3528 991 3584 tamen
1013 3522 1106 3597 magi-⁰>
