2400 3966
401 190 405 197 '
423 177 457 247 P.
476 143 586 253 blelissi
603 191 741 263 epistolae
992 167 998 179 ι
1046 193 1089 260 25

50 340 276 402 obstrinxerat.
316 340 490 402 loachimus
512 340 588 402 bene
606 340 684 402 valet
702 347 733 402 et
750 342 991 422 frequentissime
1011 362 1090 405 nnnc

49 430 80 492 ad
101 448 155 492 me
190 429 328 511 scribit,
357 433 411 508 qui
439 436 595 513 quantum,
623 430 702 511 qu'od
730 449 778 490 me
806 426 957 512 amiserat,
986 432 1091 513 doleat,

48 520 120 581 nalo
146 528 184 580 te
212 536 256 580 ex
285 519 385 598 ipsius
409 538 499 598 quam
522 537 557 580 ex
581 522 656 580 meis
679 519 776 580 literis
800 537 989 599 cognoscere.
1030 520 1092 599 Ego

48 618 136 690 certe,
157 611 192 670 si
212 610 333 688 vivam,
351 615 385 670 ut
403 608 489 669 illum
506 608 565 670 huc
582 609 738 690 attraham,
756 608 871 670 nullum
889 627 949 669 non
968 608 1092 669 movebo

10 734 12 739 ·
47 691 233 779 hpidem⁹⁶.
289 696 367 776 Spes
389 696 467 758 bona
491 704 536 758 est
558 699 631 780 fore,
660 705 694 759 ut
716 698 765 759 hic
789 717 848 759 non
872 701 993 759 omnino
1017 698 1092 759 male

47 788 246 868 habitemus,
267 785 361 847 modo
381 786 520 848 dominus
538 787 655 848 dederit
672 787 719 847 vel
738 786 875 870 aliquam,
892 807 961 849 nam
975 787 1092 867 plenam

50 897 84 939 ne
108 885 231 958 optare
259 874 386 954 quidem
408 893 568 954 possumus
590 876 660 938 huic
683 879 805 958 civitati,
828 871 1078 939 concordiam⁹⁷.·

115 966 266 1044 Reliqua
291 966 371 1025 sicut
392 963 463 1047 dixi,
487 973 614 1045 exponet
636 965 692 1026 tibi
710 964 918 1050 Velthirchius,
941 986 1010 1029 nam
1032 985 1092 1027 non

50 1055 183 1117 vacabat
209 1071 299 1115 nunc
323 1052 460 1132 pluribus
482 1061 582 1115 tecum
605 1073 700 1134 agere.
747 1055 808 1115 llac
831 1074 912 1137 rogo,
934 1063 968 1116 ut
991 1055 1091 1136 explo-

51 1153 155 1206 ratum
178 1145 326 1205 animum
340 1144 432 1204 istum
450 1150 535 1205 tuum
553 1161 622 1223 erga
641 1162 689 1204 me
708 1162 874 1206 conserves.
906 1145 969 1205 Hoc
989 1148 1046 1205 erit
1064 1152 1094 1204 et

53 1234 130 1294 mihi
155 1231 371 1308 honorificum
395 1239 425 1293 et
442 1232 506 1315 tihi,
528 1239 562 1294 ut
580 1251 677 1314 spero,
699 1251 760 1293 non
778 1234 960 1294 indecorum.
993 1232 1093 1294 Saluta

55 1315 207 1407 (tuos)*)
234 1328 270 1381 et
292 1322 455 1394 marimum
477 1325 575 1383 virum
593 1321 625 1382 D.
644 1320 817 1402 Lutherum,
840 1325 889 1382 cui
914 1321 997 1382 brevi
1021 1324 1094 1382 scri-

59 1412 143 1494 bam,
169 1413 267 1472 cuius
290 1409 436 1471 honorem
458 1429 522 1493 ego,
545 1418 687 1490 quantum
710 1413 742 1471 in
760 1429 808 1471 mc
828 1418 881 1491 est,
905 1412 993 1470 etiam
1016 1412 1096 1470 inter

59 1501 114 1561 hos
147 1492 311 1584 (furores)
338 1499 445 1560 tuebor
472 1519 506 1561 ac
534 1494 729 1561 delendam⁹⁸.
780 1499 821 1560 De
850 1518 907 1583 qua
935 1518 968 1560 re
995 1507 1094 1560 tamen

64 1591 136 1670 quid
172 1590 289 1650 attinet
318 1587 459 1671 scribere,
482 1583 653 1674 <cum>**)
682 1590 718 1650 ad
748 1596 778 1650 te
798 1586 948 1650 scribam?
993 1588 1093 1650 Saluta

66 1681 265 1740 carissimum
298 1675 331 1738 ll.
364 1676 478 1738 lustum
510 1677 611 1739 loriam
644 1671 703 1763 (et)
736 1673 970 1761 Theodorum99,
1007 1682 1093 1740 cuius

69 1771 199 1848 patriam
224 1768 300 1827 satis
324 1768 386 1826 scio
409 1768 474 1847 ipso
497 1766 581 1828 valde
605 1770 700 1841 invito,
722 1761 784 1851 (me
807 1761 989 1852 reliquisse).
1022 1767 1092 1828 Vale

71 1860 99 1918 in
122 1857 264 1938 Christo,
295 1856 447 1916 carissime
470 1858 513 1916 mi
535 1855 670 1936 Philippe
694 1858 826 1936 mihique
850 1905 856 1917 .
876 1850 964 1941 .***)
984 1863 1016 1917 tu
1040 1855 1092 1916 ali·

75 1946 192 2026 quando
218 1943 329 2006 scribe.

116 2050 363 2133 Erphurdiae,
386 2050 486 2131 vigilia
504 2053 681 2113 visitationis
700 2051 809 2114 llariae
823 2051 1004 2113 MDXXXlll.
1059 2062 1062 2066 '

601 2159 695 2220 Tuus
718 2160 884 2221 Eobanus
907 2159 1049 2219 Hessus

262 2399 314 2471 23.
347 2403 383 2471 P.
405 2402 555 2473 Melissus
577 2404 612 2470 ll.
636 2404 913 2492 baumgartnero.

89 2522 116 2592 (Ε
133 2523 292 2595 Gelliam
607 2593 611 2600 ι
719 2526 806 2598 (Intra
825 2543 849 2582 a.
870 2530 940 2580 1584
959 2526 988 2578 et
1007 2529 1094 2596 1590).

242 2619 272 2681 S.
291 2619 324 2682 D.
347 2620 428 2682 Hier.
447 2621 678 2702 Baumgartnero
699 2615 935 2702 Septemviro¹⁰⁰.

146 2709 206 2770 Ter
232 2727 351 2770 mecum
379 2709 450 2771 lecit
477 2711 532 2772 sub
559 2712 649 2772 finem
677 2710 744 2772 Iulii
767 2709 946 2773 Fortunatus
969 2711 1096 2773 Crellius

90 2791 300 2879 Corinthus¹⁰¹,
328 2816 383 2878 per
410 2799 522 2880 aliquot
539 2799 693 2872 milliaria.
739 2800 767 2861 ls
796 2819 862 2860 sese
889 2807 984 2861 totum
1012 2804 1097 2878 quasi

90 2889 261 2967 mancipavit
282 2887 447 2969 Aristoteli3
480 2887 591 2950 Graece
615 2890 695 2949 enim
723 2897 753 2949 et
775 2888 878 2950 Latine
906 2890 1097 2949 doctissimus

90 2982 137 3036 est
173 2974 269 3037 Offert
291 2977 423 3038 studium
446 2984 476 3039 et
499 2997 620 3057 operam
638 2996 731 3060 suam,
755 2980 781 3038 si
805 2997 862 3057 qua
884 2976 928 3038 illi
950 2977 1097 3057 professio

90 3063 118 3122 in
147 3064 297 3126 academia
324 3073 422 3128 vestra
449 3070 621 3147 contingere
649 3071 752 3146 possit.
798 3067 878 3128 Uxor
910 3068 939 3126 ei
968 3070 1097 3126 tantum-

90 3153 170 3214 modo
194 3161 250 3236 est,
272 3153 347 3215 nulli
369 3155 465 3217 liberi.
510 3156 610 3218 Multis
634 3156 742 3218 abhinc
765 3158 851 3216 annis
874 3154 949 3215 mihi
971 3173 1039 3216 cum
1062 3174 1097 3215 eo

90 3241 243 3305 intercedit
260 3245 373 3305 notitia.
403 3243 479 3305 Eum
497 3246 562 3326 tibi,
585 3245 816 3324 Baumgartnere
834 3246 1098 3326 praestantissime,

157 3413 183 3483 *)
202 3413 248 3468 Sic
266 3415 361 3484 codex,
380 3417 413 3470 ut
431 3414 518 3470 etiam
536 3415 619 3472 infra.

140 3483 181 3550 ”j
197 3483 259 3540 Hoc
275 3502 327 3540 nos
346 3486 521 3542 inseruimus.

124 3554 178 3626 m)
194 3555 308 3612 Lacuna
325 3556 355 3611 in
375 3558 435 3614 eod.
