2400 3966
94 176 140 242 54
524 178 545 233 Ι.
565 177 678 234 Gruteri
888 261 889 265 ἵ
1107 143 1109 148 ³
1149 181 1153 215 ¹

91 335 169 410 tuae,
187 335 221 388 ut
240 329 328 388 etiam
348 326 530 406 Scoppianae
550 327 776 410 satisfecissem,
798 336 984 388 tamencum
1004 333 1106 406 postu·
1119 317 1153 379 Εἴ

92 417 169 478 lares
207 419 388 496 epigramma
425 415 628 496 qualecunque
665 435 765 478 meum
801 417 959 496 praecipiti
994 430 1151 498 mensem

91 525 153 566 non
175 505 206 566 id
229 508 322 587 potui,
345 523 413 565 cum
436 507 494 565 iam
518 505 583 567 dies
606 507 732 567 instaret
755 513 916 567 extremus.
951 504 984 564 Si
1007 505 1153 567 tamensi

92 596 215 656 affectus
238 597 333 656 vicem
362 594 476 655 obtinet
499 595 636 676 effectus,
668 603 751 655 extra
778 597 898 655 noxiam
921 612 997 654 sum.
1043 592 1108 655 Etsi
1124 610 1153 657 ru

92 684 203 764 alioqui
230 702 290 744 non
317 682 417 764 video,
451 683 522 762 quid
549 683 592 744 ibi
619 702 719 744 meum
751 685 873 744 lecisset
904 701 1028 763 nomen,
1056 681 1109 744 ubi
1128 691 1149 746 a

94 772 231 853 Gentilis,
254 772 307 833 ubi
329 780 363 833 tu
385 771 495 851 aliique
517 791 565 834 me
588 772 728 834 meliores
752 780 782 833 et
804 772 976 852 clypeorum
995 778 1108 832 vestro·
1132 794 1153 837 u

93 880 161 923 rum
184 860 366 921 firmitudine
390 861 627 922 adversariorum
650 861 763 940 spicula
786 861 873 922 facile
894 861 1109 941 infringeretis,
1136 886 1153 947 p

92 953 183 1011 immo
207 950 281 1010 adeo
310 952 445 1029 ipsorum
474 950 555 1011 nndo
578 953 676 1011 nitore
706 949 808 1011 oculos
838 950 946 1010 iisdem
969 949 1029 1010 illis
1057 968 1108 1028 op·

91 1039 305 1119 pugnatoribus
337 1040 598 1118 praestringeretis
635 1047 665 1099 et
695 1047 812 1100 tantum
843 1057 903 1100 non
941 1038 1109 1099 redderetis

93 1128 207 1190 similes
226 1127 395 1189 Democrito
414 1127 458 1188 illi
476 1128 665 1189 Abderitano.
695 1129 732 1188 At
751 1134 783 1189 tu
801 1127 888 1208 bene,
907 1128 985 1206 quod
1005 1145 1109 1188 aurem
1143 1169 1148 1205 ,

92 1218 167 1278 mihi
188 1216 273 1277 vellis
296 1217 333 1278 de
357 1216 523 1298 Guntber03
545 1235 615 1277 nam
633 1235 763 1298 peream,
786 1218 845 1277 nisi
864 1235 933 1277 eum
953 1234 989 1276 ex
1008 1219 1107 1276 animo
1143 1205 1152 1235 “

92 1308 302 1387 seposuissem.
358 1305 417 1367 Sed
448 1314 549 1367 tamen
584 1308 644 1366 iarn
680 1306 801 1366 demum
832 1305 946 1384 aliquid
977 1304 1108 1386 tentabo,
1143 1330 1153 1367 a

8 1472 11 1478 .
91 1399 251 1476 praecipue
279 1414 347 1456 cum
375 1413 423 1455 me
449 1395 633 1474 transfugam
660 1397 815 1474 apoetioa
841 1396 957 1473 ingesta
989 1412 1108 1474 quoque
1148 1412 1153 1469 fl

91 1504 182 1546 manu
213 1486 372 1545 retraxerit
398 1483 536 1545 Melissus
569 1491 599 1544 et
630 1485 807 1564 iniunxerit,
839 1490 873 1544 ut
905 1487 1007 1544 nescio
1037 1482 1108 1563 quid
1149 1522 1153 1557 :

92 1572 281 1652 Epithalamii
303 1575 442 1651 muginer
464 1575 496 1632 in
519 1575 638 1652 nuptias
661 1572 838 1651 lepidissimi
857 1572 966 1632 sodalis
985 1572 1018 1633 D.
1038 1571 1108 1633 Lin-
1151 1608 1153 1615 ·

92 1661 255 1740 gelshemii.
289 1660 326 1720 Et
348 1661 401 1721 tali
424 1663 598 1740 imperatori
616 1657 721 1742 <non>
744 1680 850 1740 parere
869 1662 961 1722 nesas.
993 1660 1107 1722 Eodem

91 1768 162 1829 ergo
187 1751 295 1828 spiritu
317 1756 347 1810 et
368 1749 425 1810 tibi
448 1749 519 1828 quid
543 1757 593 1810 aut
615 1752 768 1829 perficiam
791 1758 842 1812 aut
863 1750 1019 1811 inchoabo.
1066 1750 1108 1810 lle

92 1839 188 1899 literis
211 1841 287 1898 meis
310 1840 429 1898 amissis
452 1838 527 1898 nibil
551 1838 651 1899 damni
669 1840 788 1920 factum,
812 1839 971 1900 dummodo
991 1846 1109 1901 constet

91 1927 148 1988 tibi
175 1927 212 1987 de
240 1934 423 2005 argumento.
468 1928 507 1987 At
532 1935 598 1988 tuas
627 1946 681 2007 ego
709 1927 809 1989 nullus
836 1928 910 2009 vidi,
942 1928 1023 1990 unde
1051 1945 1108 1988 nec

87 2019 136 2078 eis
156 2018 314 2095 quicquam
332 2015 513 2095 respondere
532 2008 662 2095 possum.
691 2015 1107 2096 Proiectiuncnlam'Pragen-

85 2124 156 2168 som
179 2123 215 2166 ex
237 2112 306 2165 roto
329 2107 512 2166 successisse
535 2105 675 2184 gratulor.
707 2104 745 2166 Et
768 2124 822 2185 ego
845 2109 964 2166 itineris
987 2123 1107 2166 omnem

91 2196 221 2256 lruotum
243 2213 321 2273 pono
344 2197 375 2255 in
399 2196 528 2255 amicitia
551 2197 696 2273 acquisita
713 2193 861 2255 bonorum
883 2195 1107 2273 doctorumque.

91 2284 155 2344 Alia
179 2287 338 2344 omniane
362 2283 447 2344 oculo
471 2283 592 2362 quidem
618 2301 749 2362 unquam
777 2283 914 2362 dignatus
942 2301 1016 2344 sum.
1063 2280 1106 2343 lle

91 2376 167 2434 meis
191 2373 298 2434 studiis
322 2373 401 2452 qnod
425 2374 552 2452 quaeris,
576 2372 768 2451 Suspiciones
787 2371 967 2433 absolvimus
985 2381 1016 2432 et
1033 2389 1107 2452 pen-

83 2462 205 2523 debunt
228 2465 287 2523 iam
310 2463 451 2540 deinceps
475 2460 659 2522 avoluntate
678 2460 864 2522 Commelini.
902 2461 935 2522 Si
957 2461 1107 2522 excudere

89 2559 177 2631 amat,
201 2554 301 2611 statim
323 2550 499 2631 prodibunt3
523 2552 569 2611 sin
592 2552 813 2630 tergiversatur,
836 2548 915 2611 lenta
939 2569 1014 2627 crux
1032 2553 1107 2630 ipsis

90 2641 181 2698 etiam
203 2646 332 2717 praesto.
364 2638 438 2699 Nam
457 2647 490 2699 ut
508 2637 559 2699 alii
578 2638 702 2719 tradam,
724 2656 784 2698 uon
803 2641 916 2717 patitur
935 2642 1108 2700 institutum

91 2745 199 2788 meum.
244 2726 302 2786 Eas
325 2746 385 2786 uon
409 2728 569 2808 descripsi,
599 2729 669 2806 quia
697 2727 831 2806 quotidie
858 2727 916 2788 alia
939 2736 1027 2808 atque
1051 2727 1108 2788 alia

91 2819 123 2876 iu
147 2823 276 2876 mentem
299 2818 430 2897 veniunt,
454 2815 563 2894 quibus
587 2822 731 2877 ornentur
754 2823 805 2876 ant
828 2816 1034 2878 emendentur.
1071 2817 1109 2877 nt

87 2908 118 2965 si
136 2903 339 2966 Commelinus
358 2903 570 2983 aggrederetur
588 2904 758 2986 editionem,
777 2904 863 2966 lacile
879 2913 959 2966 esset
973 2906 1108 2985 quotidie

90 3001 205 3054 tantum
225 2991 404 3073 describere,
428 2992 507 3071 quod
526 3000 606 3054 esset
624 2995 696 3054 satis
715 2994 916 3074 typographis.
947 2994 1010 3055 lam
1028 3013 1109 3056 nunc

90 3100 158 3142 sum
181 3084 213 3141 in
238 3080 389 3161 Suetonio,
413 3099 501 3160 quem
524 3080 658 3142 Politicis
681 3076 866 3164 insignio²⁵⁸,
896 3083 998 3145 forsan
1021 3083 1109 3163 paulo

90 3169 265 3230 melioribus
289 3188 377 3249 quam
396 3169 487 3230 ltalus
511 3170 560 3230 ille
580 3170 719 3231 Solrottus
739 3166 927 3233 Tacitnm²⁵⁹.
960 3172 1109 3252 Pilugium

91 3258 181 3319 isthic
208 3258 286 3336 apud
315 3277 366 3319 vos
394 3258 487 3319 laetor
517 3267 547 3319 et
576 3259 735 3338 plurimam
764 3261 823 3339 ipsi
853 3280 869 3320 a
896 3280 945 3322 me
973 3261 1110 3343 salutem,

92 3365 159 3408 cum
192 3346 313 3425 quercla
345 3347 382 3407 de
414 3366 474 3407 non
502 3349 684 3407 transmissis
712 3351 775 3409 suis
804 3351 835 3409 in
862 3344 1045 3411 Plautum²⁸⁰
1072 3370 1110 3412 ex

89 3444 186 3518 pado,
210 3438 300 3495 immo
326 3436 475 3515 stipulatu.
512 3436 631 3496 Amicos
655 3444 779 3518 ceteros,
802 3437 835 3498 D.
857 3437 1109 3521 Wesembeoium,

91 3524 124 3586 ll.
148 3524 295 3586 Gentilem
328 3527 412 3605 itone,
444 3524 645 3585 Carrrorariurn
678 3534 838 3605 utrumque
871 3527 1004 3589 officiose
1037 3531 1110 3590 item
