2422 3944
141 206 185 270 64
569 204 591 261 Ι.
610 204 725 260 Gruteri

139 357 309 436 stratiotici,
342 354 421 434 quod
452 354 541 415 homo
574 354 611 415 de
643 354 743 416 schola
776 361 806 415 et
837 351 915 415 infra
941 354 1158 417 Phormionem

138 447 307 523 muginator
317 443 461 504 obscurus
476 443 600 505 audeam
614 443 720 504 falcem
733 462 829 504 meam
843 445 1006 505 immittere
1019 447 1158 525 ipsorum

138 531 251 594 messi?
296 533 354 594 Sed
378 532 424 593 vel
447 536 491 594 sic
513 551 634 612 pergam
663 551 809 612 speroque
836 551 885 594 me
912 536 1159 614 peregrinatione

138 622 203 684 XVl
233 631 294 683 tam
322 622 414 683 multa
436 616 630 702 'perspexisse
659 621 817 683 accedente
845 622 973 683 lectione
996 626 1158 704 utriusque

139 712 257 791 linguae
281 719 448 793 auctorum,
477 718 619 791 quantum
642 713 701 790 ipsi
725 713 757 771 in
780 711 847 773 aula
869 711 981 793 aliqua,
1008 711 1159 794 obloqui

140 808 170 861 et
189 800 292 880 scyphi
309 800 419 861 bonam
436 807 550 880 partem
569 801 714 879 temporis
728 799 887 883 abstulere,
903 804 1065 880 statimque
1078 801 1159 863 lecto

58 893 65 903 '
139 889 186 950 vel
204 883 363 950 Bodino³⁰⁶
384 888 431 949 vel
453 882 622 950 Patriti0³⁰⁷
644 889 690 948 vel
709 883 863 950 Βο1000108
881 896 932 951 aut
948 885 1161 952 dmmirato³⁰⁹

141 978 308 1039 admirandi
345 978 403 1039 sibi
439 979 578 1040 videntur
614 986 645 1039 et
675 978 753 1039 tdtra
785 978 959 1061 Annibalem
991 983 1160 1042 exercitati

140 1066 225 1128 Haud
247 1075 347 1128 tamen
369 1071 411 1128 110
434 1068 607 1148 desipimus,
630 1072 664 1129 ut
686 1069 760 1146 ipsis
782 1067 859 1129 hanc
882 1086 1003 1147 operam
1023 1069 1161 1131 vendite·

141 1175 223 1217 mus:
251 1176 324 1239 non3
355 1156 408 1218 sed
430 1156 504 1236 pubi
526 1155 666 1216 nobiliori
689 1159 765 1216 viam
785 1157 922 1238 ostendo,
946 1176 1035 1237 quarn
1057 1166 1161 1221 teneat

141 1249 173 1306 in
191 1246 325 1325 legendis
343 1240 568 1327 auctoribus³¹⁰,
587 1263 647 1306 non
665 1251 725 1305 tam
744 1253 864 1307 auctore
882 1263 931 1306 me
949 1253 1050 1308 tamen
1069 1266 1162 1328 quam

141 1336 283 1418 Augusto,
306 1338 332 1396 si
355 1354 415 1396 non
433 1337 576 1396 mentitur
595 1334 755 1396 Suetonius
778 1337 810 1396 in
828 1337 888 1396 vita
901 1337 967 1397 eius
986 1355 1050 1416 cap.
1062 1332 1161 1400 89311.

142 1425 287 1504 Scoppius
321 1424 397 1485 nihil
433 1427 493 1503 agit
528 1431 736 1504 praeterquam
768 1420 892 1504 <qu0d>
930 1423 1027 1486 debet.
1084 1426 1162 1499 Quei

142 1516 222 1574 enim
245 1513 333 1573 fidem
357 1513 445 1573 faciat
468 1515 530 1574 suis
553 1531 622 1573 vere
641 1513 794 1595 defecisse,
817 1515 876 1574 nisi
894 1515 1060 1575 insectetur
1083 1519 1161 1595 opti-

142 1621 225 1662 mum
244 1599 415 1681 quemque?
437 1602 499 1663 lam
513 1620 608 1662 annus
623 1609 668 1662 cst
684 1602 761 1680 quod
781 1602 879 1663 adme
898 1601 974 1662 nihil
988 1605 1161 1688 scripserit,

142 1709 198 1750 nec
221 1693 313 1751 incito
338 1708 417 1750 sane.
461 1689 710 1770 lnscriptidnibus
733 1693 855 1752 nostris·
872 1693 946 1771 petii
976 1695 1163 1772 epigramma

143 1797 239 1858 nuper
267 1798 283 1839 a
310 1786 339 1839 tc
368 1787 456 1858 atquc
484 1778 556 1839 llno.
580 1778 702 1860 Gentih,
734 1798 814 1841 nunc
846 1783 955 1841 iterum
986 1789 1071 1864 peto;
1103 1801 1162 1845 nec

143 1866 290 1946 negabitis
313 1875 394 1949 puto,
417 1886 485 1929 cum
508 1868 586 1929 ultro
609 1867 659 1929 hic
678 1868 713 1929 ad
733 1887 780 1930 me
800 1872 891 1930 ierint
908 1869 1056 1952 Melissus,
1075 1870 1163 1953 Beza,

142 1956 277 2038 Lectius,
299 1957 492 2039 lacomotius,
515 1975 642 2037 quorum
665 1960 780 2038 primus
803 1976 892 2019 aurea
915 1966 1012 2020 statua
1036 1959 1162 2040 dignum

143 2045 265 2126 putabat
302 2046 447 2128 colossca,
484 2047 633 2108 secundus
670 2065 760 2127 supra
797 2047 949 2127 Orpheum
990 2049 1162 2131 extollebat,

143 2143 285 2215 tanquam
306 2154 362 2215 per
385 2155 474 2216 quem
497 2136 610 2216 lapides
629 2138 687 2196 iam
707 2136 884 2198 didicissent
901 2131 1038 2216 loquiffl.
1070 2138 1162 2200 Vides

144 2244 233 2303 quam
256 2224 419 2304 putidulus.
466 2225 524 2286 Sed
546 2242 607 2286 non
631 2243 705 2286 sum.
751 2224 888 2286 Arbitror
909 2233 1018 2308 tamen,
1042 2229 1069 2287 si
1093 2231 1162 2308 quis

145 2314 298 2393 gloriolam
330 2315 459 2394 ahquam
491 2333 612 2393 sperare
644 2314 733 2375 audet
764 2314 902 2396 honeste,
939 2317 992 2394 qui
1030 2325 1162 2399 sumptu,

143 2402 244 2464 labore
262 2404 457 2483 molestiaque
481 2422 595 2465 summa
618 2405 650 2463 in
672 2421 766 2464 unum
789 2403 907 2483 collegit
929 2402 1055 2466 Romani
1079 2405 1162 2467 orbis

143 2502 335 2554 monumenta
358 2493 474 2572 singula
496 2500 585 2571 atque
607 2495 755 2573 universa,
777 2511 825 2553 me
844 2510 904 2553 non
923 2495 1033 2554 iniuria
1056 2494 1087 2555 id
1111 2512 1163 2555 ex·

144 2588 263 2660 pectare
286 2600 384 2663 posse,
409 2585 460 2662 qui
483 2600 520 2642 ex
542 2581 623 2643 mille
647 2581 827 2662 auctoribuS,
850 2600 887 2642 cx
910 2589 1031 2643 centum
1053 2582 1163 2645 biblio·

144 2669 253 2749 thecis,
281 2688 317 2730 ex
340 2671 464 2731 totidem
491 2669 567 2732 aulis
594 2690 628 2731 00
651 2670 878 2732 ceimeharchiis
905 2670 981 2731 nihil
1010 2690 1072 2733 non
1096 2675 1163 2734 erui

144 2756 373 2838 mendicumque
397 2763 445 2839 egi
468 2760 548 2821 velut
569 2758 690 2839 Ulysses
712 2769 836 2839 propter
858 2759 1084 2839 llempnhlicam
1107 2764 1163 2822 lm-

145 2847 403 2926 pudentissimum
449 2849 608 2909 Smetianis
636 2848 756 2928 quidem
783 2848 933 2910 adiecerat
960 2849 1074 2929 aliquot
1096 2850 1165 2911 mil-

145 2936 211 2996 lena
231 2936 375 3018 Scaliger3
399 2937 451 2997 sed
475 2955 529 3016 ego
547 2936 633 3015 plura
655 2936 748 2998 millia
772 2937 872 2999 addidi
896 2956 984 3017 quam
1007 2941 1074 3018 ipse
1093 2958 1164 3001 con·

145 3032 214 3086 tena
237 3026 369 3104 linxique
397 3044 505 3105 corpus
533 3026 671 3087 omnibus
698 3027 842 3088 membris
869 3027 1050 3109 perlectum,
1082 3029 1165 3108 quod

146 3132 234 3174 nemo
256 3114 411 3175 hominum
433 3132 565 3193 unquam
592 3115 732 3177 molietur
754 3123 822 3196 post
844 3134 901 3177 mc.
947 3115 1059 3196 Ecquis
1082 3119 1164 3178 enim

147 3206 275 3281 gratuito
294 3222 416 3284 operam
434 3211 464 3264 et
483 3203 581 3264 oleum
603 3212 665 3265 toto
685 3206 880 3284 quadriennio
899 3208 1016 3285 integro
1034 3203 1164 3285 perdat?

146 3293 238 3351 immo
261 3294 453 3370 ignominiam
475 3312 510 3353 00
533 3294 657 3355 dicteria
680 3313 735 3356 suo
759 3296 849 3373 capiti
872 3291 993 3356 assuat?
1020 3294 1059 3355 Et
1082 3295 1164 3358 istud

148 3397 219 3439 sane
243 3388 367 3460 expecto
390 3400 405 3441 a
424 3385 520 3443 nostri
539 3385 603 3444 aevi
622 3383 812 3464 doctissimis
836 3382 945 3464 quibus
963 3383 1039 3444 nihil
1062 3384 1166 3446 erudi·

146 3476 211 3528 tum
234 3476 295 3551 est,
322 3471 397 3530 nihil
421 3472 632 3553 expetendum,
661 3472 739 3550 quod
763 3491 823 3533 non
850 3474 939 3533 etiam
963 3474 1003 3533 sit
1026 3472 1064 3533 de
1086 3491 1173 3554 pane

148 3558 298 3620 lucrando.
322 3559 431 3621 Verum
450 3561 606 3622 lucrentur
624 3560 668 3620 illi
686 3579 794 3640 panem
809 3568 838 3622 et
857 3579 976 3622 carnem
985 3580 1060 3643 aona,
1079 3562 1166 3625 dum-
