2400 3966
145 148 211 212 114
539 148 574 203 Η.
592 145 763 217 ssederingi

145 306 175 359 et
203 297 304 358 dolere
332 299 411 358 vices
439 296 504 357 illas
530 304 596 358 tuas
620 298 691 357 satis
715 314 776 357 non
798 297 897 377 potui,
925 296 1003 375 quod
1026 313 1081 374 pro
1104 297 1159 355 im·
1189 332 1192 341 ,

145 389 257 448 mensis
284 386 429 447 molestiis
452 405 486 446 ac
509 385 652 465 periculis
676 385 718 446 nil
741 387 801 446 nisi
824 388 954 464 ingratas
978 387 1089 463 gratias
1112 401 1158 444 re·
1173 410 1193 450 ,

128 475 258 537 tuleris.
297 475 358 555 Ego
378 474 477 535 divino
496 493 619 536 munere
639 477 787 535 contraria
806 475 904 534 omnia
923 492 989 534 sum
1008 479 1158 553 expertus,
1174 501 1193 541 ι,

144 565 357 626 humanissime
395 563 509 625 scilicet
545 583 561 625 a
595 563 713 643 Magnis.
746 562 799 624 Dn.
833 562 1008 624 Consiliario
1041 561 1158 623 Caesar.
1177 592 1195 631 q

145 654 197 715 [ln.
229 653 439 714 Marco-Com.
477 672 493 713 a
524 652 690 731 Rehlingen
724 651 771 713 bis
804 659 959 733 exceptus,
995 652 1158 712 honorifice
1190 689 1192 694 η

144 761 263 822 semper
289 742 408 806 habitus
436 749 466 802 et
491 761 559 803 cum
582 744 797 804 contestatione
821 759 953 802 summae
977 748 1008 801 et
1029 757 1158 820 propen-
1180 771 1196 830 g,

145 834 280 892 sissimae
308 834 340 891 in
368 850 415 891 me
438 830 597 892 voluntatis
620 830 739 892 tandem
762 831 912 891 dimissus.
958 830 1159 907 Quaecunque

143 923 175 980 in
207 919 261 980 filii
293 922 388 1000 ipsius
419 920 579 981 utilitatem
608 919 751 1000 expendi,
782 926 865 998 grata
897 938 932 980 ac
963 925 1026 979 rata
1059 919 1159 977 omnia

89 1017 92 1023 ’
143 1008 255 1090 habuit,
278 1011 368 1079 immo
392 1011 517 1070 miratus
536 1016 582 1070 est
600 1007 801 1069 mediocribus
820 1016 850 1069 et
867 1006 1073 1068 tolerabilibus
1092 1009 1159 1067 istis

144 1097 312 1178 sumptibus
349 1101 518 1160 universam
554 1097 678 1159 Galliam
714 1104 745 1158 et
775 1096 890 1158 ltaliam
921 1115 976 1177 per
1007 1098 1159 1174 integrum

143 1187 237 1248 ferme
274 1189 513 1266 quinquennium
549 1205 566 1247 a
602 1186 689 1248 uobis
726 1185 886 1247 inhabitari
920 1194 951 1247 et
981 1185 1160 1265 perlustrari
1189 1193 1196 1201 ·

143 1280 285 1355 potuisse.
327 1275 452 1337 Causam
476 1279 626 1356 aequioris
649 1278 737 1336 istius
760 1274 865 1336 iudicii
887 1276 1014 1336 coniicio
1037 1276 1069 1334 in
1089 1291 1158 1353 pro·

142 1369 240 1444 priam
264 1367 321 1426 viri
344 1364 535 1445 undiquaque
556 1364 736 1426 nobilissimi
754 1366 977 1444 experientiam,
1001 1366 1054 1442 qui
1071 1363 1159 1441 lpsus
1194 1410 1198 1419 .

143 1457 174 1514 in
208 1458 359 1515 iuventute
386 1453 536 1534 Europam
567 1455 735 1534 peragravit
767 1460 797 1513 et
829 1455 932 1532 quanti
959 1454 1066 1513 itinera
1101 1450 1159 1511 sibi

144 1545 343 1624 constiterint,
365 1562 458 1622 prope
482 1543 577 1604 adhuc
599 1545 772 1604 meminisse
795 1544 900 1621 potuit.
946 1541 1034 1601 Tanti
1057 1541 1159 1620 refert,

142 1634 174 1692 in
203 1650 278 1711 quos
305 1631 441 1692 homines
466 1632 594 1714 incidas,
622 1640 656 1693 ut
678 1632 770 1692 oflicii
792 1633 940 1710 promissa
963 1638 994 1691 et
1015 1631 1158 1709 praestita

143 1721 217 1780 tides
250 1727 427 1798 agnoscatur
459 1728 490 1782 et
520 1720 617 1799 dignis
644 1722 785 1801 praemiis
813 1720 966 1780 alliciatur.
1018 1719 1158 1780 Ceterum

143 1807 222 1888 quod
258 1815 286 1869 te
319 1811 431 1887 patriae
464 1809 544 1870 Tuae
577 1810 766 1888 Tuorumque
805 1815 883 1870 statu
915 1827 932 1869 a
964 1826 1011 1868 me
1044 1806 1160 1868 erudiri

143 1900 238 1980 cupis,
261 1896 399 1976 equidem
423 1896 529 1958 lubens
552 1901 583 1958 iu
607 1917 642 1959 eo
665 1901 742 1959 votis
762 1900 823 1958 tuis
841 1915 1013 1978 annuerem,
1037 1899 1159 1976 siquae

143 1994 223 2047 certa
255 1986 325 2046 inde
357 1985 506 2048 haberem.
560 1986 621 2047 lam
653 2005 724 2048 vero
751 1985 947 2065 Noribergam
979 1985 1095 2047 delatus
1128 1987 1159 2045 in

142 2075 273 2136 curanda
293 2075 352 2136 huc
372 2074 549 2155 supellectili
567 2094 632 2137 mea
651 2075 772 2137 libraria
791 2082 821 2136 et
839 2075 896 2136 alia
914 2093 970 2136 nec
988 2093 1049 2135 uon
1069 2092 1159 2154 quae·

140 2164 244 2226 rendis
255 2165 356 2234 ¹luturi
375 2166 492 2225 itineris
510 2164 641 2226 Batavici
659 2163 818 2226 comitibus
837 2171 991 2244 tantopere
1009 2182 1066 2244 per
1084 2166 1159 2224 oeti-

142 2254 233 2315 duum
248 2252 388 2333 laboravi,
402 2260 435 2314 ut
448 2253 603 2315 Altortium
619 2272 777 2315 excurrere
792 2271 851 2314 non
866 2253 993 2314 licuerit
1028 2251 1159 2314 Litteras

140 2350 240 2404 tamen
268 2362 284 2403 a
313 2343 403 2402 fratre
426 2349 478 2403 tuo
501 2342 533 2403 D.
553 2341 680 2422 Georgio
703 2342 746 2402 ibi
770 2345 884 2425 accepi,
911 2341 1021 2422 quibus
1044 2343 1158 2403 amicos

141 2450 244 2492 omnes
276 2431 370 2491 salvos
399 2439 428 2491 et
456 2432 494 2492 Se
521 2434 601 2492 inter
628 2430 800 2492 candidatos
823 2430 857 2492 U.
881 2430 901 2491 1.
929 2449 1039 2492 nornen
1068 2449 1157 2493 suum

92 2585 94 2588 ,
140 2522 200 2580 iam
222 2513 436 2599 protessum⁵¹⁰
458 2520 609 2582 innuebat.
647 2520 743 2591 Quare
767 2519 867 2581 nullus
890 2519 1003 2602 dubito,
1027 2522 1101 2599 quin
1121 2520 1157 2581 ad

140 2611 358 2686 praescriptum
376 2615 503 2690 tempus,
521 2609 549 2670 h.
564 2628 589 2670 e.
604 2610 712 2670 lestum
726 2608 847 2669 Martini
860 2627 1007 2688 nuperum
1021 2627 1158 2670 summos

139 2698 172 2756 in
195 2699 260 2757 iure
283 2704 386 2757 nostro
409 2697 537 2762 honores
560 2717 619 2759 una
642 2716 710 2759 cum
734 2697 800 2758 aliis
823 2696 995 2759 obtinuerit.
1031 2697 1156 2778 Exque

139 2784 189 2846 hic
212 2787 291 2867 vivo,
318 2785 415 2846 nullas
439 2805 455 2846 a
478 2786 531 2847 nn.
550 2787 582 2848 D.
601 2786 694 2847 Remo
721 2786 815 2847 lineas
841 2787 915 2869 vidi,
943 2786 1023 2866 quod
1047 2806 1158 2848 cuma

138 2892 222 2935 more
246 2876 341 2954 ipsius
364 2871 507 2936 hactenus
531 2876 622 2936 suerit
645 2875 874 2957 alienissimum,
897 2877 1036 2956 suspicor
1058 2879 1158 2938 virum

139 2966 284 3042 optImum
306 2963 411 3023 morbo
434 2963 533 3043 aliquo
557 2965 693 3025 detineri.
733 2964 817 3036 Quod
840 2971 943 3046 restat,
966 2982 1158 3046 summopere

138 3070 155 3112 a
178 3052 219 3113 'le
242 3059 311 3132 peto
333 3055 485 3131 negotium
504 3052 576 3114 Ncb.
596 3060 626 3114 et
644 3053 781 3133 Ampliss
800 3052 854 3114 Du.
872 3052 1048 3115 Hainholeri
1067 3073 1158 3116 curae

137 3139 194 3200 tibi
213 3159 280 3202 esse
299 3144 421 3220 patiaris
440 3143 472 3202 iu
491 3142 635 3221 exigendo
655 3145 776 3221 antiquo
795 3144 925 3224 nomine,
944 3141 1024 3222 quod
1042 3142 1157 3204 Sebast

86 3283 88 3287 .
139 3246 155 3288 a
178 3228 314 3290 Perband
342 3230 419 3309 apud
448 3249 516 3291 eum
545 3234 704 3312 contraxit,
731 3231 778 3291 vel
806 3234 832 3292 si
860 3230 890 3291 id
918 3239 1073 3310 praestare
1098 3250 1158 3293 non

137 3324 235 3396 potcS,
268 3318 372 3379 saltem
404 3322 580 3401 expisceris,
616 3319 738 3381 ubinam
769 3320 865 3382 latitet
881 3314 966 3381 'oum
998 3330 1095 3383 matre
1129 3327 1160 3382 et

138 3405 294 3486 iratribus,
331 3410 358 3466 si
390 3427 464 3487 quos
496 3407 593 3469 habet.
648 3408 873 3488 Cherpographo
905 3409 1007 3471 locum
1040 3410 1158 3473 Nauten

137 3493 321 3574 adscriptum
344 3496 442 3578 vide03
467 3497 518 3557 sed
542 3516 629 3558 nemo
652 3498 701 3557 hic
725 3505 779 3580 est,
804 3500 856 3576 qui
878 3516 989 3560 nomen
1013 3498 1089 3561 illud
1112 3498 1157 3565 vel
