2400 3966
140 219 208 285 120
379 262 380 266 ,
537 219 571 274 H.
590 215 760 287 Thederingi

138 368 331 450 respondere,
355 375 512 448 antequam
537 376 660 448 constet,
684 367 755 446 quid
776 367 820 428 Tu
841 366 883 426 ibi
902 368 932 427 in
953 385 1040 427 eausa
1060 369 1181 449 ipsius

139 460 293 539 peregeris
313 457 420 537 quidve
439 460 577 537 responsi
596 476 612 517 a
627 456 741 517 Sebast.
755 455 909 516 Perbando
927 455 1033 517 tuleris
1048 457 1155 536 quidve
1179 445 1190 516 l

140 547 286 626 explorati
309 547 346 608 de
370 565 488 607 moroso
512 545 562 606 illo
586 546 721 606 debitore
739 545 857 606 habeas,
894 545 993 616 Quare
1011 548 1156 606 maiorem
1178 575 1186 625 ²ss

140 639 172 696 in
195 637 316 696 modum
340 654 356 695 a
378 643 408 696 te
432 643 510 715 peto,
533 654 571 695 ne
594 654 643 696 me
666 635 779 695 diutius
800 635 855 694 hac
874 637 907 694 in
924 653 957 694 re
977 653 1155 714 suspensum
1180 704 1183 711 ¹

138 733 254 805 teneas,
288 725 340 784 sed
372 727 403 784 in
436 727 523 784 amici
554 726 679 803 gratiam
706 723 825 783 tandem
854 725 1015 784 certiorem
1042 742 1091 784 me
1119 707 1196 784 dod

139 813 278 874 omnibus
306 814 409 895 facias,
437 831 512 893 quae
536 832 583 873 me
608 815 685 874 scire
709 812 837 891 expedit.
883 812 1037 883 Quomodo
1061 812 1155 873 Altor-
1181 813 1196 857 ¹¹

139 902 223 981 phini
241 904 286 962 tui
304 905 403 963 vivant
421 921 454 962 ac
473 902 597 983 valeant,
615 904 759 981 proximis
774 903 850 961 meis
865 894 1002 985 (sirecte
1016 895 1157 984 memini)
1182 896 1196 947 o

140 993 252 1070 aperui.
286 990 391 1052 Frater
409 998 478 1052 tuus
497 991 647 1052 luculento
668 991 815 1070 stipendio
830 992 971 1051 invitatus
986 989 1164 1056 consiliarii.

140 1098 248 1141 munus
286 1079 349 1140 obit
385 1080 463 1160 apud
494 1079 642 1141 Perillust.
676 1079 807 1141 Comites
840 1098 855 1138 a
887 1079 1095 1140 Loewenstein
1125 1082 1157 1140 in
1185 1077 1196 1127 l

139 1167 304 1229 Franoonia
331 1169 515 1230 Werthemii.
561 1169 685 1248 Magnus
712 1167 761 1228 ille
789 1167 895 1247 Philip.
922 1167 1111 1230 Camerarius
1139 1172 1194 1229 e·3

140 1260 214 1318 rivis
239 1260 367 1318 excessit
389 1257 423 1319 X.
443 1258 502 1319 Cal.
522 1258 639 1330 Quinct.
664 1265 699 1318 st.
717 1256 771 1319 lul.
813 1257 918 1318 Tillius
941 1260 1033 1341 movit
1056 1260 1158 1337 copias
1189 1248 1196 1305 l

143 1353 172 1407 et
202 1349 310 1407 invasit
336 1347 571 1408 Marchionatum
599 1347 777 1427 Badensem,
810 1348 961 1426 occupatis
989 1345 1158 1426 Durlachio,
1191 1353 1196 1394 ¹

141 1435 306 1521 Plorzemio
322 1443 351 1496 et
366 1436 491 1518 oppidis,
510 1439 603 1518 pagis,
617 1435 736 1496 arcibus
751 1436 901 1515 omnibus3
921 1437 980 1495 iam
994 1427 1031 1516 de
1045 1436 1158 1514 Argen·
1193 1454 1196 1482 ³

142 1532 238 1585 torato
258 1527 364 1605 agitur,
383 1527 432 1585 cui
447 1525 556 1585 Caesar
570 1527 660 1586 variis
674 1524 711 1585 de
726 1527 823 1584 causis
839 1526 988 1584 irascitur.
1021 1524 1159 1586 Metuunt

142 1611 328 1673 obsidionem
347 1615 427 1674 cives
447 1620 476 1673 et
495 1621 615 1674 senatus
630 1614 749 1692 Argent.
786 1612 953 1692 Leopoldus
972 1622 1059 1692 urget
1074 1632 1158 1695 opus,

142 1703 194 1780 qui
226 1704 429 1780 episcopatum
457 1705 489 1762 in
517 1722 622 1763 manus
651 1703 705 1763 filii
733 1702 868 1762 Caesaris
896 1704 1060 1780 resignavit
1086 1710 1158 1763 natu

142 1792 280 1871 minoris,
300 1797 329 1850 at
344 1789 514 1872 capitulum,
534 1792 613 1870 quod
628 1798 741 1873 vocant,
756 1793 869 1852 reiecto
882 1791 1036 1851 lustriaco
1050 1791 1158 1852 Lotha-

141 1873 261 1956 ri'ngum
281 1877 450 1958 praesulem
469 1883 588 1959 expetit.
634 1881 831 1960 Commeatus,
856 1888 999 1959 quantum
1018 1883 1090 1940 satis
1110 1883 1159 1962 sit,

142 1969 174 2027 in
197 1967 280 2034 ‚urbe
313 1968 432 2046 Argent.
461 1978 518 2049 est3
552 1978 581 2030 at
608 1969 680 2030 defit
707 1968 794 2029 miles
821 1968 1034 2047 praesidiarius
1060 1988 1158 2048 neque

142 2055 256 2116 civibus
277 2074 343 2116 oum
365 2065 469 2118 senatu
488 2060 559 2118 satis
578 2059 654 2119 bene
674 2060 832 2119 convenire
847 2057 964 2118 dicitur.
1001 2057 1160 2119 Ulmenses

142 2159 248 2223 magno
272 2147 303 2205 in
326 2152 408 2211 metu
432 2154 524 2224 agunt
547 2155 577 2208 et
600 2150 664 2226 ipse
687 2147 746 2208 dux
769 2146 1003 2227 Wrirtemherg,
1025 2165 1064 2208 ne
1088 2165 1159 2208 one-

141 2240 247 2294 rentur
269 2234 416 2295 hibernis
428 2238 580 2314 copiarum
600 2237 857 2297 Caesareanorum.
895 2235 977 2296 Idem
1000 2238 1110 2297 timent
1129 2244 1160 2298 et

141 2321 385 2402 Noribergenses
431 2323 494 2384 Rex
522 2323 594 2385 Gall.
623 2325 659 2385 ad
686 2325 788 2385 Metim
817 2332 846 2385 et
873 2327 905 2384 in
933 2327 1040 2385 vicinia
1068 2324 1160 2387 babet

143 2407 187 2472 10
195 2408 262 2473 000
289 2413 424 2491 peditum
456 2421 485 2474 et
515 2411 602 2475 2000
631 2417 777 2494 equitnm,
810 2415 860 2473 cui
891 2413 983 2495 bono,
1016 2417 1159 2475 nescitur.

141 2499 315 2582 Ambergae,
329 2500 480 2580 Neagorae
497 2505 664 2582 ceterisque
675 2503 792 2582 oppidis
802 2501 984 2562 Palatinatus
994 2506 1160 2582 superioris

142 2588 292 2649 invehitur
304 2590 612 2652 Antichristianismus
626 2591 724 2670 plenis
738 2591 812 2652 velis
826 2593 991 2672 remisque;
1005 2591 1161 2671 pelluntur

142 2679 273 2737 ministri
305 2678 499 2740 ecclesiarum
532 2681 793 2758 moderatoresque
825 2679 1002 2740 scholarum.
1053 2681 1160 2743 Tillius

142 2765 230 2825 modo
263 2769 479 2849 circumspicit,
512 2769 583 2848 quid
616 2771 759 2829 tentaturi
791 2771 852 2829 sint
880 2768 955 2828 Galli
984 2770 1101 2848 pedites
1130 2778 1162 2832 et

143 2857 273 2935 equites3
297 2856 417 2916 nocebit
435 2858 629 2935 Argentorato
651 2876 706 2938 pro
731 2857 818 2918 virili.
854 2856 943 2918 Plura
961 2857 1090 2920 lectione
1109 2868 1161 2921 tua
1189 2914 1195 2934 ,

143 2943 231 3022 digna
254 2962 315 3004 non
338 2953 513 3027 suppetunt3
537 2949 596 3007 iam
620 2965 690 3025 ergo
714 2945 776 3006 vale
801 2957 831 3006 et
855 2945 933 3007 salve
957 2946 1048 3008 alln.
1067 2947 1160 3027 Copio

143 3040 173 3092 et
196 3033 309 3094 Noohio
334 3032 430 3094 salvis.
476 3034 608 3096 Recurre
631 3038 691 3096 tuis
715 3038 808 3116 ocius,
832 3038 858 3096 si
881 3054 934 3096 me.
952 3054 1043 3098 amas.

187 3172 257 3235 [lab.
282 3172 457 3258 Dantisci,
482 3174 533 3239 26.
553 3176 671 3238 Octobr.
691 3197 714 3238 a.
736 3198 760 3238 c.
780 3173 875 3240 1624.

340 3317 422 3378 Tuus
446 3321 528 3379 omni
552 3320 658 3380 affectu
681 3319 904 3380 Hermannus
928 3320 1118 3401 Tedering.
