2422 3944
494 174 633 245 epistolae
1009 176 1074 240 125
1125 266 1128 274 Ι

207 353 259 424 86.
290 356 327 423 Η.
351 355 578 445 Tbederingus
600 356 671 426 llic.
693 356 928 424 Rittersbusio.

54 460 230 546 nunciam
842 467 867 518 9.
886 459 976 531 apra.
998 467 1075 519 reas.

127 592 292 655 ..Nicolao
315 591 515 653 Rittershusio
539 592 560 653 l.
579 592 612 653 U.
632 592 663 653 C.
689 596 722 654 iu
744 593 820 654 alma
843 593 1076 672 llegiomontana

56 683 260 744 florussorum
281 701 310 762 p.
328 688 349 742 t.
373 685 590 743 commoranti.
606 729 612 742 .
627 681 821 762 lionigsberg.

127 772 157 832 S.
190 771 273 832 Binis
295 773 357 832 tuis
380 773 558 849 gratissimis
581 774 670 832 unica
692 772 747 833 bac
770 773 919 833 satisfacio
943 773 1076 852 epistola.
1165 844 1168 849 ξ

56 862 100 923 lta
130 879 179 922 me
202 861 300 922 lacere
323 859 406 921 iubet
428 862 546 920 itineris
570 863 601 920 in
625 860 689 921 dies
714 860 838 922 ineundi
860 864 997 922 vicinitas
1021 881 1077 923 nec

55 968 120 1012 nou
144 949 186 1011 cl.
204 949 258 1010 Du.
277 949 384 1010 Nochii
407 951 439 1008 in
463 949 594 1010 curando
618 953 737 1028 negotio
760 957 812 1011 tuo
831 951 965 1031 tarditas,
989 970 1078 1030 quam

55 1048 161 1100 tamen
188 1038 322 1100 absentia
350 1040 416 1098 eius
445 1041 487 1099 sic
514 1041 585 1099 satis
609 1046 739 1099 excusat.
784 1040 846 1100 lam
868 1058 939 1100 vero
963 1040 999 1100 ad
1022 1059 1078 1101 nos

56 1128 203 1190 reducem
225 1145 331 1208 urgeo,
355 1134 389 1188 ut
412 1127 549 1207 Spartam
572 1127 700 1188 oblatam
723 1127 791 1188 Tibi
815 1136 912 1189 servet
935 1137 966 1189 et
989 1149 1078 1208 quam

57 1219 207 1278 citissime
226 1217 367 1278 conserat.
404 1216 554 1287 Quantum
570 1216 713 1298 intelligo,
732 1217 775 1277 nil
789 1216 857 1277 Tibi
871 1219 1078 1300 metuendum;

55 1307 100 1367 ‘l'e
122 1324 217 1367 unum
236 1306 336 1366 videre
356 1313 385 1366 et
404 1305 515 1385 alloqui
533 1306 682 1366 desiderat
700 1314 796 1366 mater
809 1308 926 1366 iuvenis
942 1305 1078 1388 studiosi,

56 1414 119 1475 quo
150 1395 188 1456 de
215 1402 349 1474 tempore
377 1402 407 1455 et
432 1395 519 1455 modo
543 1395 660 1455 luturae
682 1397 932 1475 peregrinationis
955 1396 1077 1456 Vestrae

55 1492 161 1546 tecum
189 1502 276 1563 agere
303 1487 406 1563 possit.
452 1483 494 1544 De
522 1483 629 1544 salario
657 1483 738 1544 nulla
766 1484 924 1545 difficultas
951 1488 1021 1566 crit,
1049 1493 1079 1546 at

57 1572 208 1634 bellorum
235 1575 293 1634 iste
322 1575 466 1653 strepitus
494 1579 524 1633 et
551 1581 648 1633 metus
674 1591 768 1634 novus
792 1574 867 1634 lorte
890 1593 945 1653 per
968 1592 1079 1634 annum

57 1662 158 1724 adbuc
182 1660 400 1723 adolescentem
418 1661 467 1722 bic
486 1662 620 1749 detinere
639 1671 741 1742 posset
760 1663 926 1724 academica
945 1665 1005 1723 vita
1024 1663 1080 1723 tibi

58 1753 184 1812 interim
203 1750 297 1811 libera
314 1751 425 1811 relicta.
463 1751 605 1831 Sumptus
620 1752 745 1813 durante
760 1771 843 1812 mora
857 1755 913 1812 ista
929 1752 1079 1814 faciendos

58 1839 233 1902 sublevabit
257 1840 362 1901 viduae
386 1839 561 1921 liberalitas,
591 1860 665 1919 quae
690 1849 719 1901 te
743 1848 773 1902 et
796 1841 893 1902 studia
916 1849 967 1902 tua
990 1845 1079 1903 aesti-

58 1947 144 1991 mare
177 1930 283 2008 coepit.
334 1928 358 1989 ll
390 1948 423 1988 re
455 1932 555 2008 itaque
587 1931 691 2011 suerit,
723 1930 820 1990 oblata
854 1933 1009 1991 occasione
1043 1930 1079 1991 ad

58 2017 283 2079 banconiam
309 2021 394 2097 prius
422 2019 570 2079 divertere
599 2038 688 2097 quam
715 2018 764 2080 hic
791 2026 821 2079 te
850 2022 946 2080 sistas.
992 2019 1021 2080 ls
1049 2028 1079 2080 te

59 2108 161 2169 fusius
189 2109 286 2167 omnia
315 2107 446 2188 docebit,
477 2126 551 2186 quae
580 2107 657 2186 apud
684 2107 840 2168 Dominam
862 2107 1080 2168 balmerianam
1154 2156 1157 2164 .

59 2200 166 2258 iuvare
184 2203 214 2256 te
232 2198 357 2276 possint.
393 2195 427 2256 ln
446 2199 564 2275 negotio
580 2199 753 2276 pecuniario
767 2195 906 2257 Nobiliss.
922 2195 975 2256 Du.
990 2196 1080 2257 Heiu-

58 2286 160 2346 boleri
184 2284 321 2346 sedulum
344 2293 374 2346 et
396 2287 509 2345 serium
532 2285 574 2345 Te
598 2286 685 2346 modo
709 2285 803 2346 video.
844 2284 888 2345 Ne
912 2286 1007 2345 desim
1029 2285 1079 2346 de·

58 2374 186 2436 sideriis
214 2381 243 2434 et
266 2376 345 2456 ciue,
373 2377 458 2434 cuius
482 2375 621 2455 interest,
649 2381 679 2434 et
700 2376 822 2454 nostris,
845 2375 1028 2434 inserviendi
1051 2382 1081 2434 et

59 2463 251 2544 gratificandi
278 2462 345 2524 aliis
372 2463 429 2523 boc
456 2470 590 2543 tempore
619 2465 690 2524 satis
719 2462 887 2543 commodo,
915 2481 953 2523 en
981 2465 1081 2542 ipsum

60 2552 315 2632 cherrographum
343 2551 515 2632 Perbandti,
548 2552 626 2630 quod
654 2559 722 2612 tuae
750 2551 820 2612 fidei
848 2554 1015 2634 committo,
1042 2571 1080 2613 ne

59 2641 154 2703 nobis
168 2648 278 2720 pereat.
302 2641 343 2701 Ad
359 2643 515 2702 minimum
532 2638 574 2702 lo
588 2641 782 2701 loachimieos
799 2642 937 2722 accipies,
951 2641 1082 2702 valorem

60 2725 176 2811 2413,
202 2732 256 2809 qui
283 2749 307 2790 a.
329 2726 415 2792 1615
444 2732 477 2790 iu
499 2731 625 2810 imperio
649 2731 706 2790 fuit
729 2737 759 2790 et
782 2749 861 2791 nunc
884 2749 1003 2810 quoque
1027 2739 1081 2792 est.

57 2819 95 2880 Si
130 2818 212 2898 quod
245 2819 435 2897 gratitudinis
468 2821 631 2879 auctarium
664 2819 792 2879 adiicere
825 2820 918 2879 irater
950 2819 1082 2880 defuncti

59 2907 147 2990 velit,
170 2909 203 2968 in
221 2906 304 2969 lucro
323 2907 502 2987 ponendum.
538 2907 562 2967 l
580 2908 622 2968 'le
641 2911 733 2987 igitur
752 2907 788 2968 ad
807 2927 861 2969 nos
881 2908 977 2968 delato
997 2927 1083 2968 soror

61 3015 133 3059 mea
157 2990 222 3080 (die
240 2995 288 3057 Fr.
307 2997 399 3057 lsrael
416 2991 571 3081 Folssche)
591 3005 641 3057 aut
659 2998 755 3058 dictos
773 3015 911 3058 nummos
931 3004 981 3057 aut
999 3005 1082 3058 auto·

60 3086 214 3167 grapbum
246 3084 390 3147 debitoris
423 3086 591 3165 expectabit
623 3094 653 3146 ct
675 3088 814 3168 accipiet,
852 3104 910 3165 quo
942 3085 1081 3147 Nobiliss.

61 3174 122 3236 Dn.
136 3174 324 3236 Heinbovero
338 3177 500 3236 transmitti
514 3175 689 3236 alterutrum
703 3178 806 3255 possit.
828 3174 871 3235 lle
885 3174 939 3235 Du.
949 3174 1082 3235 Christo-

61 3263 164 3344 pboro
186 3263 390 3325 Stebenhaber
412 3264 618 3344 superioribus
641 3267 717 3324 meis
741 3264 884 3343 quaedam
907 3266 1083 3345 inieceram3

61 3352 100 3414 ad
132 3352 183 3413 illa
209 3355 242 3412 in
269 3354 330 3414 tuis
358 3351 480 3414 verbum
507 3352 630 3414 nullum.
681 3353 838 3414 Sufficeret
864 3355 940 3413 scire
969 3353 1084 3414 litteras

62 3459 152 3502 meas
178 3441 224 3502 illi
248 3449 330 3502 recte
353 3441 486 3504 traditas.
531 3442 604 3503 Vota
626 3450 677 3503 tua
700 3449 730 3502 et
753 3444 949 3503 ominationcs
972 3443 1084 3503 faustas

62 3530 103 3591 de
125 3532 279 3612 provincia
297 3549 366 3592 mox
385 3549 401 3591 a
418 3549 467 3592 me
485 3531 621 3593 obeunda
635 3538 736 3611 gratus
750 3530 817 3610 legi.
853 3531 974 3592 Pondus
988 3530 1084 3611 addat,
