2400 3966
480 137 523 238 ad·
536 183 582 242 W.
600 185 758 242 Mentor-um
1105 186 1125 250 7

83 354 183 417 mmor,
202 342 243 396 ut
264 335 309 396 ad
327 353 383 396 me
400 333 528 415 scribas,
546 352 626 413 rogo.
664 334 799 415 0333113,
818 334 927 396 maltha
940 335 1073 402 Romana
1086 355 1123 398 31

87 423 184 504 quibus
205 431 358 506 constet3
380 423 572 503 respondebo
589 417 737 503 33331312ι
769 422 833 484 Duo
848 422 974 486 malthae
988 425 1123 487 laeticiae

91 533 186 592 genera
211 516 401 593 scriptores
425 520 543 575 veteres
565 515 726 573 memoriae
749 513 943 574 tradiderunt.
989 513 1124 585 Quorum

93 612 234 684 utrimque
262 604 470 682 componitur
494 621 531 663 ex
550 601 630 663 33133
649 609 680 662 31
698 601 785 681 adipe
805 601 901 683 suillo,
925 602 977 663 sed
997 601 1124 664 alterum

63 750 65 757 .
97 700 242 771 praeterea
264 709 404 753 succum
418 691 468 751 fici
482 693 598 772 recipit,
616 690 743 752 alterum
756 693 854 771 picem
868 691 1020 771 liquidam.
1051 691 1124 753 Eam

101 781 240 862 maltham,
257 799 361 861 quam
375 778 523 859 Georgius
535 779 690 841 Fabricius
704 779 814 862 attulit,
827 783 925 860 picem
939 799 1000 842 non
1013 780 1123 843 babere

103 874 160 932 33113
179 871 309 932 indicat
328 868 421 930 color.
458 868 621 941 Litbocolla
635 876 734 930 autem
749 877 780 930 31
793 872 1008 949 compositione
1023 879 1053 931 et
1067 889 1124 932 usu

106 959 192 1020 1111311
220 959 261 1020 ab
288 966 421 1037 utraque
444 958 568 1039 maltba,
591 958 670 1038 quod
693 959 748 1019 bae
772 966 909 1020 constent
931 978 968 1020 33
991 959 1071 1021 33133
1095 969 1125 1021 31

106 1049 178 1128 adipe
207 1057 242 1109 et
267 1049 466 1128 potissimum
489 1049 533 1108 313
556 1046 733 1108 obturentur
756 1050 849 1109 rimae
873 1051 1071 1110 cisternarum
1095 1057 1125 1110 31

109 1140 315 1217 pistrinarum,
345 1155 400 1217 per
428 1154 502 1215 quas
529 1155 604 1216 aqua
632 1136 740 1217 effluit,
767 1136 817 1197 1113
843 1155 879 1198 ex
901 1137 1023 1216 pulvere
1046 1157 1123 1199 mar-

110 1229 190 1288 noris
214 1234 247 1287 31
272 1225 392 1304 glutino
414 1227 494 1286 tauri
516 1225 567 1286 fiat
589 1234 677 1305 atque
701 1239 736 1286 33
754 1229 946 1287 caementarii
965 1230 1123 1288 marmoris

110 1315 268 1394 fragmenta
298 1333 369 1375 cum
395 1314 511 1394 reliquo
540 1332 664 1394 corpore
688 1313 901 1393 conglutinent.
946 1314 1041 1375 Hodie
1065 1316 1123 1376 duo

111 1402 271 1466 litbocollae
306 1421 416 1482 genera
449 1405 582 1477 suntin
609 1423 679 1484 usu,
712 1421 840 1482 quorum
867 1410 1017 1482 utrunque
1046 1407 1124 1484 capit

112 1492 257 1570 pulverem
288 1492 319 1553 id
348 1510 441 1572 genus
470 1495 533 1553 saxi
560 1492 607 1553 131
633 1495 804 1573 marmoris,
833 1491 930 1572 qualis
958 1492 1125 1575 fragmenta

113 1600 171 1642 cum
202 1583 314 1643 maiori
346 1580 423 1642 mole
456 1584 676 1663 coniungimus,
708 1599 802 1643 unum
831 1584 956 1661 insuper
983 1578 1122 1643 albumen

113 1673 166 1752 ori,
192 1670 323 1732 alterum
349 1673 455 1750 picem.
501 1671 544 1731 ld
572 1667 981 1732 11333311131133111131331.
1029 1673 1122 1734 Suum

63 1754 65 1829 ξ
113 1762 194 1820 otiam
221 1759 352 1820 malthae
380 1777 473 1839 genus
500 1759 611 1832 habent
638 1762 733 1820 nostri
756 1759 910 1842 metallici,
939 1780 997 1841 quo
1021 1765 1122 1841 rimas,

63 1842 66 1903 ἐ
115 1867 180 1926 quae
209 1856 280 1909 sunt
308 1850 340 1908 in
366 1849 457 1909 fundo
485 1851 586 1928 magni
613 1850 717 1930 catini,
745 1850 916 1931 obstruunt,
944 1868 982 1910 33
1005 1850 1123 1911 metalla

63 1934 65 1957 '
115 1935 264 2016 liquefacta
283 1956 338 2017 per
357 1956 408 1998 eas
426 1937 603 1999 dilabantur.
639 1937 679 1998 Ut
697 1940 777 1998 enim
796 1939 906 1999 maltha
924 1946 1009 2000 13133
1027 1957 1121 2018 aquae

63 2034 65 2061 ²
116 2024 252 2105 liquorem
286 2034 405 2087 coercet
434 2034 465 2088 et
492 2029 636 2108 continet,
668 2028 710 2106 113
736 2046 811 2088 3313
839 2027 1034 2090 metallorum.
1079 2026 1121 2087 De

116 2115 215 2192 quibus
243 2115 382 2177 omnibus
406 2124 436 2177 31
458 2116 607 2177 similibus
630 2115 775 2177 disseram
799 2119 830 2177 in
853 2116 931 2176 libro
955 2125 1061 2194 quarto
1085 2116 1121 2176 de

116 2213 210 2265 331313
225 2204 382 2265 1333111313.
419 2204 517 2265 Ρ31113
533 2213 583 2266 133
598 2207 693 2284 gignit
706 2223 755 2266 res
769 2203 942 2284 metallicas,
961 2204 997 2264 de
1013 2203 1122 2282 quibus

116 2309 202 2372 nuper
224 2287 377 2376 scripsi³³;
401 2313 460 2374 eas,
482 2301 517 2355 ut
538 2296 668 2374 primum
692 2296 809 2354 occasio
833 2292 900 2352 data
919 2291 1018 2373 suerit,
1041 2311 1122 2374 cura,

117 2389 144 2440 31
169 2383 336 2443 afferantur.
384 2384 417 2444 Si
444 2383 516 2463 quid
539 2381 683 2464 volueris,
711 2382 790 2461 quod
813 2387 966 2461 praestare
990 2399 1122 2463 possum,

116 2472 237 2532 vicissim
261 2491 278 2532 a
299 2490 348 2532 me
371 2472 457 2533 facile
480 2472 663 2552 impetrabis.
709 2470 866 2531 Badborno
890 2469 1003 2531 1313133
1028 2469 1121 2550 pluri·

116 2576 184 2620 mom
207 2560 340 2622 salutem.
387 2560 465 2622 Vale.
981 2568 984 2573 ’

152 2665 368 2748 11313ρηί311,
390 2667 438 2728 111.
457 2667 530 2729 ldib.
549 2667 635 2728 Febr.
660 2684 737 2726 anuo
756 2666 793 2728 M.
813 2666 845 2728 b.
864 2665 946 2729 XLV.

700 2771 878 2853 Georgius
901 2773 1075 2854 Agricola.

347 2961 377 3032 7.
410 2963 446 3031 c.
465 2963 624 3052 Agricola
641 2963 696 3033 W.
715 2965 876 3033 lleuroro.

114 3065 333 3138 (dompnicii).
889 3073 929 3123 16.
948 3069 1021 3137 Aug.
1041 3072 1119 3127 1545.

173 3179 291 3242 Clariss.
315 3187 345 3241 31
368 3180 488 3242 doctiss.
511 3181 687 3261 philosopho
711 3200 745 3242 ac
768 3180 884 3243 medico
908 3180 935 3241 d.
959 3179 1119 3263 Voligango

113 3266 242 3330 11331313
261 3271 356 3330 331133
376 3288 439 3331 suo.
476 3271 531 3332 20.
550 3273 683 3347 Augusti
699 3272 794 3330 1545.
835 3271 944 3345 Georp.
964 3272 1120 3347 Agricola.

174 3357 202 3419 S.
221 3356 253 3420 D.
281 3357 380 3419 iacobi
400 3353 523 3438 Sylvii³⁴
546 3359 639 3420 libros
662 3361 722 3419 iam
746 3359 797 3419 diu
820 3361 1014 3443 remisissem,
1037 3364 1064 3422 si
1082 3365 1120 3422 iis

112 3462 167 3505 non
198 3446 324 3508 multum
356 3450 538 3529 timuissem,
569 3467 607 3509 ne
639 3447 687 3508 rel
719 3446 817 3527 pluvia
849 3448 1043 3510 madefierent
1074 3447 1120 3508 131
1156 3473 1159 3479 ·

114 3531 296 3597 laederentur
318 3555 335 3597 a
358 3536 519 3598 tabellario.
556 3537 599 3597 Ad
623 3539 791 3616 proximum
809 3544 972 3597 mercatum
987 3539 1120 3616 ,accipies
