2400 3966
25 238 27 243 .
128 187 171 253 88
555 187 576 244 Ι.
598 185 710 242 (deuteri

131 342 171 400 sit
189 358 236 400 me
256 345 418 419 proxeneta
436 338 472 399 ad
492 357 560 399 eum
579 338 634 399 tihi
653 338 876 399 demerendum.
905 338 1054 420 Salutabo,
1074 357 1149 419 quos

131 429 227 510 iubes,
249 447 304 508 per
328 429 527 509 occasionem,
556 428 608 488 sed
632 446 666 488 ea
688 435 749 488 tam
768 447 840 501 rara
863 435 921 508 est,
948 435 982 490 ut
1005 429 1149 490 cancella-

131 522 211 580 rium
225 518 358 578 nondum
373 516 517 578 allocutus
533 519 598 597 sim,
622 535 657 577 ex
678 535 736 595 quo
755 517 845 577 rediit
864 536 880 577 a
899 517 1016 578 Noricis
1030 521 1148 579 vestris

131 609 280 669 Nimirum
309 613 343 667 ut
370 608 468 686 noriS,
496 624 549 685 ego
573 606 683 666 reddor
710 605 785 666 alter
807 606 912 666 Timon
941 613 991 668 aut
1018 607 1148 668 Bellero-

131 698 224 778 phon,
248 699 289 756 ita
312 697 411 755 omnia
434 695 561 755 hnmana
585 695 659 755 mihi
678 694 836 774 displicent
855 696 1148 776 eomprehendasque

130 789 271 848 universa
294 786 382 844 unica
406 783 594 844 simulatione
618 791 706 862 atque
731 783 974 846 dissimulatione.
1001 784 1084 846 'Hinc
1104 788 1148 845 in-

131 876 214 935 volvo
238 892 285 934 me
310 873 394 933 libris
423 879 453 934 et
476 873 586 934 chartis
609 884 748 952 nuncque
777 873 849 934 adeo
878 877 985 954 magis,
1017 873 1070 934 nbi
1099 875 1148 934 de-

131 967 223 1025 missa
246 961 356 1023 familia
378 962 514 1042 hospitor
537 964 569 1023 in
592 961 715 1023 aedibus
738 965 869 1042 propriis
895 970 1023 1042 utorque
1046 982 1150 1024 mensa

132 1053 226 1114 aliena
250 1051 286 1112 ad
310 1069 444 1112 mensam
467 1070 571 1111 meam.
617 1050 641 1111 0
665 1049 810 1111 monstrat
834 1059 922 1130 atque
945 1053 1001 1112 hoc
1025 1053 1058 1112 fit
1081 1058 1149 1131 post

132 1143 237 1204 lunera
254 1140 291 1201 lV
313 1158 449 1200 uxorum.
486 1140 626 1211 Quamvis
649 1139 773 1200 habeam
796 1144 938 1202 eximium
962 1141 1150 1220 epicoedium

132 1231 185 1293 Du.
210 1229 418 1310 Gryphiandri,
441 1229 536 1290 adhue
559 1236 659 1289 tamen
682 1231 816 1290 incertus
836 1249 902 1290 sum
921 1230 957 1290 de
977 1230 1025 1290 die
1050 1230 1148 1290 obitus

132 1321 214 1381 Eliae
237 1319 393 1399 Rensneri,
417 1321 461 1379 nti
485 1324 514 1378 et
537 1319 638 1378 fratris
662 1320 726 1378 eius
750 1313 917 1379 Nicolaiffl.
953 1319 1057 1397 ltaque
1081 1338 1151 1380 cum

132 1409 261 1490 vacabit,
293 1427 361 1469 enm
393 1426 448 1486 per
479 1414 547 1468 tuos
580 1426 680 1488 erues3
714 1410 830 1486 cupiam
859 1410 939 1468 enim
970 1402 1149 1468 additum⁴²⁸

39 1502 41 1507 ’
133 1500 280 1560 Chronico
309 1497 524 1558 Chronicorum
552 1495 696 1558 Gualterii
723 1499 826 1557 nostri.
876 1497 979 1577 Vides,
1007 1505 1150 1576 quantum

133 1587 189 1648 tibi
212 1587 355 1647 lacessam
378 1587 498 1663 negotii.
546 1585 603 1645 Sed
627 1588 667 1645 ita
696 1584 790 1666 soleo,
821 1592 904 1647 tanto
932 1585 1053 1665 quidem
1081 1605 1151 1647 con·

133 1676 283 1755 fidentius,
307 1674 386 1752 quod
410 1691 470 1733 non
493 1692 630 1734 recusem
648 1675 728 1734 idem
751 1677 783 1734 in
802 1693 857 1736 me.
887 1675 945 1735 Fae
963 1675 1052 1735 modo
1072 1678 1150 1754 peri-

135 1763 243 1826 culum.
288 1763 412 1823 Interim
436 1761 515 1822 salve
539 1781 573 1823 ae
600 1763 664 1823 vale
692 1782 709 1823 a
736 1766 873 1824 tuissimo
896 1763 1051 1824 Grutero
1079 1765 1152 1824 haee

134 1852 284 1913 tundentis
309 1844 382 1934 (ste)
406 1850 464 1910 XV.
483 1850 569 1911 Febr.
591 1848 676 1913 1616
699 1850 974 1931 lleidelbergae.

348 2074 396 2144 bi.
428 2077 454 2143 l.
479 2077 638 2145 Gruterus
662 2079 716 2146 dh.
738 2077 936 2147 Hoelliobio.

134 2199 400 2268 Heidelbergno.
568 2247 571 2256 .
936 2207 961 2256 1.
979 2201 1053 2270 Aug.
1074 2209 1153 2257 1616.

201 2295 283 2357 Cl¹²¹⁰.
303 2296 472 2373 eximioque
513 2296 578 2354 riro
615 2293 688 2354 Iino.
725 2293 939 2375 christophoro
980 2296 1153 2358 Hoelliehio

134 2387 247 2466 patriae
272 2402 342 2445 suae
366 2402 383 2443 a
407 2385 531 2444 seeretis
555 2391 610 2444 etc.
634 2383 857 2462 Norimbergae.

203 2473 231 2533 S.
250 2472 282 2534 P.
314 2471 429 2532 Literas
452 2479 532 2553 tuas,
560 2491 685 2551 quarum
711 2475 889 2554 meministi,
917 2473 1018 2535 nullus
1042 2479 1155 2555 recepi.

134 2563 227 2623 Immo
251 2580 323 2622 num
345 2579 429 2622 meae
452 2568 619 2640 postremae
643 2568 711 2622 ante
734 2561 809 2622 duos
836 2581 956 2623 menses
983 2564 1069 2625 datae
1097 2564 1156 2625 tibi

134 2653 166 2711 in
199 2668 305 2709 manus
336 2652 485 2731 venerint,
517 2649 629 2711 dubito.
679 2650 719 2710 lis
751 2653 832 2711 enim
864 2653 1026 2713 iudicaram
1059 2671 1155 2732 penes

135 2738 168 2800 ll.
192 2732 428 2799 Gemandum‘²⁹
455 2756 521 2799 esse
550 2742 648 2799 omnia
676 2747 706 2800 et
733 2739 849 2818 singula
876 2748 1012 2821 poemata
1038 2741 1156 2802 Melissi

136 2825 306 2906 ανεκδοτα,
329 2834 463 2887 correcta
487 2833 517 2888 et
540 2828 576 2888 ad
598 2828 715 2908 prelum
738 2837 840 2908 parata
863 2849 880 2890 a
902 2831 968 2890 vivo
991 2838 1088 2909 poeta.
1126 2831 1156 2891 ls

136 2920 163 2978 si
186 2936 221 2979 ea
239 2916 328 2977 edero
348 2917 379 2976 in
398 2918 496 2976 animo
515 2925 604 2997 esset,
622 2917 777 2978 ridebatur
794 2917 851 2978 tibi
869 2921 1155 2981 communicaturus

135 3006 245 3068 h'crnm
267 3012 302 3066 ut
324 3023 360 3065 ex
383 3006 542 3083 postremis
566 3007 633 3066 istis
660 3008 720 3067 tuis
749 3006 895 3088 intelligo,
922 3006 1003 3069 aliud
1022 3027 1099 3068 onus
1123 3013 1157 3070 in

136 3094 270 3156 humoris
288 3093 344 3154 tibi
362 3102 417 3174 cst,
438 3111 492 3173 per
510 3094 589 3173 quod
609 3098 802 3157 amoenitates
821 3104 1009 3175 sequestrare
1028 3116 1155 3159 necesse

135 3181 267 3243 habebis.
291 3181 470 3261 Dignitatem
493 3177 603 3243 eam⁴⁸⁰
629 3184 685 3244 tibi
712 3183 845 3263 gratulor
871 3185 1026 3265 faustaque
1055 3191 1157 3248 omnia

136 3288 169 3329 ao
199 3269 296 3330 felicia
323 3273 354 3331 in
382 3290 416 3331 ea
444 3271 499 3332 tibi
527 3291 618 3333 roreo
645 3292 681 3333 ex
709 3281 771 3333 toto
801 3282 930 3353 pectore.
976 3274 1156 3337 Gernandus

137 3364 204 3417 nuto
229 3356 330 3437 plures
353 3377 445 3419 nnnos
470 3359 701 3440 Philippicorum
721 3362 834 3441 aliquot
852 3371 977 3424 centena
996 3365 1158 3444 expetebat

137 3444 368 3526 expuotalmtquo
392 3466 446 3527 pm
466 3448 578 3509 llelissi
596 3454 748 3529 poematis.
786 3454 820 3511 n
841 3455 981 3531 quoniam
1006 3456 1065 3514 iam
1089 3455 1156 3515 nnl-

137 3534 184 3596 lus
213 3542 272 3616 ost,
305 3537 353 3595 cni
382 3534 500 3597 ohtmdi
528 3541 658 3617 possim,
689 3550 834 3619 perpetuo
866 3540 1060 3604 luctabuntur
1087 3562 1158 3604 cum
