2400 3966
136 226 199 290 108
527 225 562 280 Η.
580 193 750 296 moueatngr

134 376 326 455 prudentium
351 383 380 435 et
399 375 589 455 syndicorum
609 377 782 435 auctoritate
802 375 839 436 de
859 373 1062 436 saecularibus
1081 394 1149 454 pro·
1176 449 1178 452 ¹

133 467 330 526 nuntiaturos.
375 463 536 544 Postquam
562 482 633 524 vero
660 463 784 524 ultimus
812 483 916 525 eorum
944 458 1150 543 ηηίηηορηε486

134 573 177 614 ao.
208 550 294 615 1535
327 561 431 632 sponte
459 553 636 633 aufugisset,
670 555 766 632 stupri
793 556 903 614 civicae
930 553 1008 614 tiliae
1035 553 1149 616 nefarie

134 642 209 704 illati
227 661 352 722 poenam
370 650 516 724 metuens,
539 642 575 702 ad
594 641 762 702 libertatem
780 642 931 721 politicam
950 642 1151 704 adiunxerunt

135 751 253 811 quoque
276 731 470 813 spiritualem,
493 731 613 792 foedere
636 750 704 791 cum
722 730 925 793 Berneusibus
949 738 978 792 et
997 731 1150 811 Tigurinis

134 840 203 882 mox
230 822 304 880 inito
333 820 479 900 domoque
503 818 664 900 episcopali
686 823 717 880 in
741 819 947 882 obaeratorum
970 827 1000 882 ct
1023 819 1150 881 scelera·

44 905 46 910 ’
133 919 233 970 torum
255 908 456 971 habitaculum
480 927 631 970 conversa.
672 909 729 969 Sed
754 908 790 969 ad
814 910 994 970 academiam
1016 916 1151 970 nostram

133 1017 239 1080 pergo,
267 1016 355 1077 quam
381 998 465 1059 brevi
487 998 681 1059 illustriorem
704 998 809 1059 reddet
830 1017 940 1059 novum
963 998 1036 1059 illud
1060 1000 1149 1059 iuris-

133 1087 309 1168 prudentiae
337 1087 437 1149 lumen
463 1087 517 1148 θη.
540 1086 664 1148 lacobus
686 1085 900 1169 Gothofredus,
929 1089 1150 1167 quamprimum

135 1176 249 1237 scilicet
272 1195 308 1238 ex
331 1179 415 1237 novis
439 1178 520 1238 curis
543 1175 715 1237 domesticis
738 1194 770 1236 se
788 1176 941 1256 paululum
961 1179 1152 1238 extricaverit

92 1321 95 1326 .
134 1275 164 1327 ct
186 1269 413 1345 magistratuum
435 1266 660 1344 officiorumque
683 1264 871 1344 publicorum
893 1267 1073 1346 permutatio
1094 1268 1149 1326 im-

134 1358 251 1416 minens
279 1356 355 1416 facta
383 1354 481 1416 fuerit.
527 1354 642 1415 Interea
667 1361 696 1414 et
719 1354 756 1415 ad
780 1354 996 1434 disputationes
1019 1356 1150 1435 privatas

134 1452 165 1506 et
187 1444 329 1505 lectiones
353 1446 427 1504 iuris
450 1463 485 1505 ac
507 1444 699 1504 historiarum
722 1442 866 1525 publicae,
889 1447 915 1504 si
938 1451 1099 1522 utrumque
1121 1445 1151 1504 ei

135 1533 338 1614 demandetur,
361 1540 482 1593 strenue
506 1551 538 1593 se
561 1539 652 1611 parat.
691 1532 828 1594 Certonis
850 1526 1045 1594 Genevam⁴⁸²
1068 1538 1150 1594 recte

133 1623 273 1682 traditam
301 1622 408 1700 gaudet
435 1620 639 1682 Excellentiss.
667 1620 720 1683 θη.
744 1620 777 1682 θ.
800 1623 960 1704 Augerius3
988 1623 1150 1701 gratiarum

135 1712 281 1771 actionem
295 1709 407 1770 nullam
420 1709 551 1770 tantillas
565 1710 682 1771 chartas
695 1713 815 1792 mereri,
834 1714 925 1772 immo
940 1713 972 1771 in
985 1709 1150 1771 maioribus

135 1818 219 1859 suam
243 1817 274 1858 se
299 1797 517 1859 observantiam
540 1807 570 1859 et
594 1800 691 1860 officia
715 1802 813 1860 omnia
836 1801 868 1861 Α.
891 1800 922 1860 V.
945 1798 1057 1861 debere
1082 1817 1151 1880 pro

134 1889 243 1949 litetur.
288 1886 342 1947 θη.
366 1886 477 1966 Caspar
499 1883 732 1970 Laurentius⁴⁸⁸,
759 1889 796 1950 de
825 1907 883 1969 quo
906 1907 1002 1968 nuper
1026 1907 1151 1968 quaere·

134 1977 230 2058 batur,
245 1994 367 2055 graecae
382 1975 499 2055 linguae
514 1976 714 2055 professorem
728 1980 797 2059 agit,
811 1980 856 2038 air
871 1997 942 2039 sane
957 1977 1150 2038 doctissimus

134 2074 164 2127 et
186 2065 361 2144 theologicis
386 2066 506 2144 scriptis
530 2064 756 2145 quamplurimis
780 2066 878 2128 clarus
901 2075 932 2128 et
955 2067 1051 2128 adhuc
1073 2066 1151 2128 bene

38 2202 42 2210 .
131 2159 165 2216 in
197 2173 311 2216 summa
339 2156 429 2215 etiam
456 2161 609 2215 senectute
637 2153 757 2216 hahens.
804 2155 928 2217 Muffelii
955 2156 1064 2217 fratres
1091 2174 1152 2216 una

134 2263 202 2305 cum
221 2243 274 2305 θη.
292 2243 442 2323 Xylandro
466 2246 544 2304 intra
568 2245 805 2322 sesquimensem
828 2247 924 2325 ipsam
942 2243 1067 2306 Galliam
1088 2245 1151 2306 adi·

133 2333 208 2394 hunt
231 2341 261 2394 et
278 2331 511 2413 perlustrabunt,
534 2335 565 2392 iu
584 2334 649 2411 ipsa
666 2336 905 2413 peregrinatione
924 2333 1043 2413 liuguae
1063 2335 1152 2396 istius

133 2423 343 2501 perfectiorem
374 2424 601 2501 acquisitionem
633 2421 691 2505 sibi
722 2425 939 2502 promittentes.
989 2422 1031 2483 lle
1065 2425 1152 2484 novis

134 2509 254 2571 Gallicis
278 2510 352 2571 addo
377 2510 510 2593 paucula,
534 2529 609 2590 quae
633 2529 650 2571 a
671 2510 725 2571 θη.
749 2505 954 2573 Turretino⁴⁸³
976 2515 1151 2591 nuperrime

133 2600 207 2659 mihi
239 2600 331 2659 relata
363 2607 445 2681 sunt,
478 2599 592 2660 scilicet
624 2601 845 2661 matrimonium
875 2604 955 2661 inter
985 2600 1152 2662 Sahaudiac

133 2690 300 2766 principem
333 2691 393 2749 iun.
426 2696 455 2749 et
488 2687 648 2748 Galliarum
679 2691 760 2768 regis
793 2683 973 2751 sororem⁴⁹⁰
1004 2688 1151 2752 hactenus

134 2779 274 2856 agitatum
298 2784 328 2836 et
349 2776 545 2838 deliberatum
563 2780 622 2837 iam
641 2785 738 2838 ratum
756 2777 873 2861 haberi3
897 2777 1065 2840 simultates
1083 2797 1152 2842 cum

133 2865 226 2945 Anglo
241 2868 372 2944 mitigari
386 2873 416 2926 et
429 2865 544 2945 placide
559 2869 699 2945 componi
712 2869 802 2947 inque
818 2866 1010 2929 abolitionem
1024 2869 1152 2930 istarum

133 2955 230 3034 palam
258 2955 422 3015 faciendam
450 2974 524 3015 nova
553 2955 676 3016 consilia
705 2957 770 3016 fieri
800 2956 836 3016 de
869 2956 961 3018 altera
988 2955 1153 3019 Galliarum

77 3121 79 3125 .
134 3046 213 3123 regis
247 3062 348 3104 sorore
381 3050 411 3104 et
443 3046 507 3122 ipsa
539 3038 677 3105 nubili491
709 3047 839 3124 principi
870 3044 964 3125 Anglo
996 3044 1153 3128 elocanda3

134 3132 261 3211 (lenique
282 3133 430 3211 quendam
449 3132 660 3214 Gaudesinum,
683 3137 735 3212 qui
753 3152 789 3194 ex
808 3135 909 3195 infima
928 3142 1009 3196 sorte
1028 3141 1155 3216 propter

133 3221 277 3281 revelatas
287 3223 434 3282 Ancorani
448 3222 567 3282 fraudes
582 3223 617 3282 ad
633 3241 764 3283 sarnimos
778 3223 908 3284 honores
925 3222 1039 3305 aulicos
1049 3242 1154 3285 ascen-

134 3308 226 3389 derat,
249 3328 265 3368 a
288 3308 416 3391 lesuitis,
440 3329 514 3389 quos
538 3313 602 3390 ipse
625 3313 658 3371 in
680 3311 861 3372 academiam
883 3313 1085 3374 Parisiensem
1108 3316 1153 3374 in-

134 3406 277 3478 truserat,
310 3400 368 3458 iam
400 3402 501 3460 nescio
535 3402 619 3460 cuius
654 3400 793 3461 facinoris
825 3402 1030 3463 insimulatum
1059 3406 1154 3482 gratia

135 3488 215 3565 regis
239 3485 325 3565 plane
350 3488 496 3548 excidisse
521 3489 652 3567 adeoque
676 3497 823 3550 remotum
843 3509 917 3551 esse.
954 3490 1035 3553 llaec
1053 3491 1156 3574 habui,

136 3594 210 3655 quae
234 3575 289 3636 hac
313 3577 376 3636 vice
401 3577 487 3637 volui.
525 3577 609 3648 Quod
628 3578 777 3657 reliquum
796 3585 850 3662 est,
869 3580 973 3641 Vestro
992 3599 1041 3642 me
1061 3581 1154 3643 favori
