2400 3966
55 172 57 174 V
96 197 159 292 111
490 223 716 295 1111111131

134 359 136 361 ’
241 404 291 474 aa.
324 406 362 474 u.
385 356 613 503 rueuoringus
636 405 707 475 uro.
727 404 965 505 rittershusio.

93 511 262 570 Dentisci.
659 536 660 539 ¹
868 509 1011 567 1111111.
1033 516 1110 568 1625.

159 645 183 704 Α
210 644 364 704 Monsieur
396 650 425 703 et
456 642 595 703 meilleur
627 661 693 722 amy
719 641 812 702 Mons.
842 641 1062 703 Rittershusius
1094 646 1110 704 1

93 731 323 795 Hermansdorff
343 731 415 792 chez
437 731 530 792 Mons.
554 730 582 792 le
605 729 703 791 Barou
726 729 938 810 d’Euleuburg.
1026 747 1027 750 ’

159 823 189 884 S.
203 821 233 883 P.
261 821 323 882 lam
337 819 487 881 abstinere
501 820 599 881 literis
614 822 835 900 constitueram,
849 820 1108 881 Praestantissimo

93 919 123 972 et
142 910 317 973 doctissime
337 908 390 970 Dn.
410 908 540 991 Nicolae,
564 927 639 989 quae
657 908 886 988 Regiomontum
906 908 941 970 ad
961 909 1003 970 Te
1022 913 1110 991 irent,

93 999 333 1080 quandoquidem
364 996 489 1078 vestigia
521 998 638 1060 illarum
666 1016 713 1058 me
741 997 907 1079 terrebant,
940 1001 1039 1059 omnia
1067 999 1108 1059 Te

92 1107 210 1150 versum
234 1089 406 1168 spectantia,
430 1087 510 1148 nulla
528 1093 704 1168 retrorsum,
727 1095 757 1147 11
776 1105 845 1147 1111
865 1086 920 1147 sub
939 1089 1109 1167 ingressum

92 1178 182 1240 huius
206 1179 318 1238 mensis
341 1176 461 1237 tandem
484 1185 551 1238 tuas
574 1176 674 1236 videre
699 1177 833 1257 contigit,
857 1175 965 1254 quihus
989 1196 1110 1238 causam

91 1267 287 1329 diuturnioris
303 1265 415 1327 silentii
429 1265 536 1348 adfers,
552 1284 624 1344 quas
640 1283 779 1326 accusare
795 1283 849 1343 ego
860 1264 960 1325 nolim.
984 1265 1108 1327 Miratus

91 1364 191 1418 tamen
215 1375 281 1417 sum
301 1357 427 1436 saepius,
451 1373 526 1435 quae
545 1354 587 1415 Te
607 1354 699 1414 libido
718 1352 858 1414 invadere
877 1357 1009 1433 potuerit
1023 1355 1108 1415 War-

92 1448 202 1506 saviam
230 1445 322 1506 eundi
349 1452 484 1523 tempore
514 1446 646 1504 omnium
669 1441 923 1523 periculosissimo
948 1450 978 1505 11
1001 1463 1108 1523 parum

91 1542 266 1616 opportuno,
278 1541 418 1594 autumno
428 1535 550 1612 inquam
561 1534 725 1614 superiore,
733 1539 818 1611 peste
826 1534 1108 1615 passimgrassante,

92 1642 166 1702 quae
190 1625 248 1683 iter
271 1622 351 1682 istud
374 1639 434 1682 nou
456 1624 554 1701 potuit
576 1640 637 1682 non
660 1620 785 1681 reddere
805 1620 926 1682 difficile
945 1629 976 1682 et
994 1622 1106 1683 lamen·

57 1773 59 1776 ,
90 1710 190 1772 tabile.
236 1711 295 1771 Sed
323 1711 399 1770 bene
427 1719 474 1771 est
496 1711 538 1770 Te
566 1712 714 1790 superatis
741 1708 828 1770 malis
856 1717 887 1770 et
909 1712 1107 1772 incommodis

91 1802 178 1861 istius
205 1801 456 1880 peregrinationis
484 1799 521 1859 ad
548 1807 668 1880 portum
694 1795 803 1878 quietis
827 1798 952 1861 alicuius
975 1808 1006 1861 et
1029 1801 1106 1862 vale·

91 1889 203 1951 tudinis
225 1887 358 1948 melioris
376 1887 511 1948 rediisse.
548 1889 665 1948 Annuat
683 1887 807 1966 reliquis
826 1890 902 1948 votis
920 1891 981 1950 tuis
999 1889 1107 1951 lehova

89 1978 183 2059 Deus,
223 1995 280 2057 quo
314 1976 449 2037 doctrina
474 1991 514 2037 'ac
546 1979 641 2038 virtus
673 1984 724 2037 tua
756 1979 896 2057 praemiis
929 1978 1107 2058 con-dignis

37 2101 40 2108 ·
89 2066 437 2147 brevicondecorentur,
456 2065 491 2126 ad
507 2065 560 2126 Sui
574 2065 712 2127 Numinis
728 2065 860 2146 gloriam,
879 2068 924 2126 111
942 2067 1105 2130 litterariae

89 2175 124 2217 ac
164 2155 301 2237 publicae
339 2162 546 2216 ornamentum
583 2162 671 2233 atque
709 2149 927 2216 incrementum
963 2163 1105 2236 tuamque

89 2247 185 2325 ipsius
207 2252 375 2323 exoptatam
393 2243 531 2305 salutem!
569 2244 648 2316 Quas
667 2243 703 2304 ad
722 2242 860 2322 Ampliss.
879 2243 911 2304 [l.
931 2244 1062 2306 Remum
1076 2255 1107 2307 et

89 2334 131 2395 Cl.
149 2335 186 2395 M.
206 2335 368 2406 Queccium
396 2340 513 2394 curatas
540 2333 673 2414 voluisti,
701 2334 761 2392 iam
788 2338 856 2392 ante
884 2332 939 2393 hos
968 2330 1018 2395 14.
1041 2334 1107 2395 dies

89 2422 284 2504 Noribergam
307 2421 447 2501 ablegari.
488 2422 651 2501 Impetreut
673 2421 713 2502 id,
736 2420 815 2501 quod
838 2424 965 2504 quaeris,
989 2424 1106 2503 quoad

90 2512 171 2573 Tuos
199 2515 282 2573 ocius
310 2511 489 2572 contendere
512 2519 549 2572 et
576 2512 661 2571 fratri
687 2517 739 2570 tuo
767 2508 799 2570 D.
824 2509 950 2590 Georgio
978 2511 1107 2590 palmam

89 2600 212 2661 honoris
235 2599 403 2679 ambiguam
424 2602 457 2660 in
476 2599 567 2660 simili
585 2599 664 2660 lauta
683 2599 834 2660 functione
853 2599 979 2661 reddere
997 2603 1105 2681 possis.

88 2688 195 2749 Audivi
221 2695 321 2749 tamen
348 2707 385 2749 ex
408 2689 555 2770 Vestrate,
585 2690 637 2767 qui
665 2688 701 2748 ad
729 2687 877 2748 nundinas
904 2688 1105 2751 Dominicales

88 2784 206 2839 nostras
234 2779 389 2856 superiore
417 2796 454 2838 m.
474 2777 605 2857 Augusto
634 2786 813 2857 accesserat,
841 2777 1017 2839 exhaustum
1041 2779 1105 2840 1111

88 2885 155 2928 1111
173 2868 384 2946 patrimonium
404 2873 497 2946 tuum,
517 2865 735 2945 dispiciendum
749 2864 817 2925 Tibi
833 2884 898 2927 esse
913 2874 943 2927 11
957 2867 1105 2930 ineundas

87 2958 228 3037 rationes,
247 2955 325 3015 unde
345 2957 434 3015 vitam
450 2953 568 3016 toleres
605 2954 640 3015 ln
653 2952 794 3016 Borussia
808 2962 911 3015 nostra
925 2957 952 3016 si
966 2956 1105 3036 Spartam

88 3045 222 3106 nancisci
242 3063 343 3125 queas,
367 3044 397 3104 id
417 3062 477 3104 nou
495 3043 714 3122 negligendum.
751 3043 810 3104 Sed
829 3047 934 3122 nugari
951 3045 1104 3107 hominem

88 3135 336 3212 persuasissimus
356 3133 408 3214 lui,
427 3140 529 3211 utpote
549 3139 657 3213 certus,
680 3132 722 3193 Te
741 3151 795 3212 per
814 3132 946 3215 Galliam,
968 3133 1104 3214 Angliam

88 3230 119 3282 et
137 3220 272 3300 Belgium
295 3240 363 3282 cum
384 3221 457 3282 Nob.
477 3220 530 3281 Du.
549 3221 695 3281 Wernero
714 3221 850 3282 Schenck
868 3224 927 3282 iter
945 3223 1105 3285 facientem

87 3327 147 3370 non
179 3310 266 3370 modo
298 3309 373 3370 nihil
406 3311 442 3371 de
470 3319 521 3371 tuo
551 3310 747 3390 impendisse,
780 3310 832 3371 sed
861 3318 890 3371 et
918 3311 1103 3374 luculentum

88 3397 228 3459 salarium
256 3397 367 3477 aliquot
395 3417 541 3460 annorum
569 3401 766 3477 comparsisse
794 3406 882 3478 atque
910 3408 1010 3462 tecum
1036 3402 1103 3463 abs-

87 3493 231 3568 portasse,
255 3487 334 3566 quod
353 3490 412 3548 iam
431 3489 507 3549 forte
526 3490 558 3547 in
576 3485 718 3548 Borussia
737 3506 841 3568 magna
858 3497 944 3569 parte
962 3489 1103 3572 absump-

87 3585 152 3637 111111
171 3584 216 3637 111
233 3576 316 3637 hisce
336 3579 412 3638 caris
432 3585 462 3638 et
480 3596 496 3637 a
515 3575 617 3636 multis
635 3575 762 3638 multum
779 3579 901 3657 1111111,
1007 3658 1010 3663 Ι
