2400 3966
495 229 632 300 epistolae
1009 229 1075 295 101'

43 383 160 463 amplius
186 387 353 461 appareat.
400 378 434 440 ln
461 381 498 440 iis
526 387 560 440 ut
587 397 622 441 ex
651 379 717 440 aliis
740 379 792 441 Du.
821 382 954 459 parentis
983 383 1076 441 vestri

44 490 64 552 p.
81 490 119 532 m.
149 472 292 550 scriptis
322 487 339 529 a
366 467 451 529 vohis
479 469 567 530 editis
594 471 651 529 viri
679 471 848 548 grauissimi
874 469 948 530 nihil
979 472 1073 547 magis

45 579 119 640 quam
137 559 273 621 indices
293 556 468 618 desiderant
485 576 586 619 rerum
605 566 635 619 et
648 558 807 619 uerborum
826 557 1072 618 memorabilium.

45 648 76 710 lle
95 648 340 711 Commentario
364 648 396 706 iu
417 641 571 708 Institt.⁴⁶⁸
597 655 628 708 et
654 646 690 708 ad
714 648 732 709 l.
757 645 809 708 23.
834 649 862 709 ll.
891 648 927 708 de
949 646 983 707 R.
1006 640 1074 706 l.⁴69

46 739 104 818 quid
121 732 351 819 pollicemini?
374 736 491 815 quando
514 735 626 815 publici
644 739 719 797 iuris
738 738 811 797 dent
829 745 859 798 et
878 755 936 816 qua
954 732 1074 797 lorma?

46 826 200 890 Praeterea
238 828 268 887 si
301 824 416 885 Theses
447 824 588 904 quasdam
619 826 761 887 iuridicas
793 844 850 886 ron
882 827 981 887 dieser
1012 825 1073 887 und

45 916 119 996 jener
153 923 261 997 guten
288 915 415 975 materia
441 913 488 974 his
515 914 621 996 habes,
654 934 728 995 quae
761 923 895 975 veterum
928 918 1074 976 recentio-

48 1025 169 1086 rumque
206 1003 384 1066 academiae
411 1010 526 1064 vestrae
553 1005 758 1082 professorum
790 1008 909 1065 nomina
942 1024 1013 1084 prae
1041 1024 1073 1065 se

49 1096 141 1157 lemnt
162 1087 208 1178 (e.
226 1112 257 1173 g.
271 1090 398 1173 Doneffi,
415 1087 603 1172 llribueri⁴⁷⁰,
621 1088 974 1174 lude'uii⁴⁷¹,²l⁷arelii⁴³²‚
992 1093 1074 1155 Petri

48 1175 305 1263 llesenbecii⁴⁷³,
327 1180 380 1242 Du.
405 1175 599 1260 Scipionis4³4
625 1190 655 1243 et
682 1185 727 1243 tui
755 1181 807 1244 on.
836 1185 969 1262 parentis
993 1177 1074 1265 etc),

49 1290 91 1335 eas
122 1273 323 1352 conquisitas
355 1288 423 1332 cum
455 1269 590 1350 reliquiis
609 1274 789 1332 carminum
817 1264 1013 1332 erumelii⁴⁷⁶
1045 1278 1075 1330 et

50 1362 173 1442 epistola
203 1361 397 1441 paraenetica
426 1353 579 1420 Caselii⁴⁷⁶
611 1354 712 1444 (euius
744 1363 775 1420 in
808 1361 903 1421 fronte
931 1359 1075 1419 Votorum
1155 1435 1158 1440 ,

49 1454 230 1513 uaticorum
263 1449 298 1509 fit
319 1441 446 1532 mentio)
480 1449 580 1510 charta
607 1469 666 1510 una
701 1458 751 1510 aut
783 1450 874 1510 altera
906 1467 961 1509 ceu
989 1455 1073 1527 tegu-

51 1548 147 1602 mento
173 1539 311 1600 munitas
335 1544 365 1598 et
388 1540 575 1617 consignatas
598 1539 695 1599 eidem
716 1538 971 1599 Polono-Borusso
995 1556 1074 1600 com-

50 1632 150 1691 mittas
181 1645 271 1708 rogo,
303 1633 338 1687 ut
368 1646 426 1688 uua
459 1627 533 1688 mihi
563 1629 726 1689 tradantur.
772 1626 996 1688 Remunerahor
1026 1628 1074 1688 his

10 1778 12 1783 ,
51 1717 218 1799 similibus,
246 1715 300 1777 ubi
327 1718 455 1795 gratuita
483 1735 550 1777 sese
573 1716 690 1778 dederit
718 1719 833 1778 occasio
862 1717 898 1778 ad
926 1736 977 1778 vos
1002 1720 1075 1779 seri·

51 1807 149 1869 bendi.
201 1804 317 1884 Collegi
339 1805 428 1866 huius
452 1805 564 1867 farinae
587 1806 729 1888 plurima,
759 1825 827 1867 mox
852 1807 1075 1887 compingenda.

51 1895 233 1959 Servabitur
253 1896 288 1955 in
309 1893 357 1955 his
379 1896 424 1955 tui
445 1897 603 1977 memoria,
630 1902 664 1957 ut
687 1904 717 1957 et
739 1895 819 1978 aliis,
853 1915 928 1976 quae
957 1899 1075 1976 saepius

52 1984 196 2048 manibus
220 2000 341 2044 versare
365 1982 453 2044 soleo.

113 2073 227 2135 Valere
249 2071 300 2133 hic
321 2079 352 2133 te
371 2071 459 2133 iubeo
479 2079 509 2133 et
528 2072 639 2134 salvere
659 2093 675 2134 a
694 2073 795 2155 Copiq
818 2075 941 2136 Vohlino
961 2082 991 2134 et
1009 2073 1075 2134 aliis

51 2167 168 2226 amicis
217 2159 276 2222 Fac
299 2163 400 2243 sciam,
423 2162 570 2242 quomodo
599 2181 664 2223 sese
687 2163 794 2224 habeat
821 2164 899 2243 apud
922 2181 974 2222 vos
997 2165 1075 2240 triga

50 2253 98 2314 illa
122 2253 240 2314 artium
263 2249 416 2312 bonarum.
454 2250 487 2310 Si
510 2253 539 2311 ei
561 2251 703 2331 quadriga
726 2253 783 2312 alia
807 2251 970 2331 accederet,
993 2251 1074 2311 hette

49 2361 119 2404 man
139 2340 192 2402 die
213 2345 292 2400 artes
311 2339 366 2400 alle
384 2339 536 2405 beisamen
553 2339 614 2400 und
633 2359 712 2420 uere
732 2341 822 2402 leicht
835 2341 975 2419 lllagister
989 2339 1075 2399 dariu

49 2450 85 2494 zu
107 2429 246 2492 werden
282 2427 339 2489 Hic
357 2428 514 2490 Terentius
537 2429 620 2490 iubet
638 2432 807 2512 quiescere3
832 2431 903 2490 dicit
926 2429 1005 2487 enim
1025 2425 1074 2488 ‘ue

50 2521 124 2602 quid
154 2514 268 2580 nimis'.
314 2516 367 2579 llic
397 2511 544 2602 Paure(n)
577 2513 763 2602 mdohte(n)s
796 2509 982 2602 mercke(u),
1015 2517 1079 2577 auff

50 2617 116 2690 gutt
146 2606 326 2669 uonckneh.
375 2606 532 2668 Praeterea
569 2626 654 2669 meus
687 2607 833 2670 Odontius
861 2627 908 2669 me
935 2600 1076 2689 vexatffl,

50 2702 91 2761 ita
116 2696 252 2778 quidem,
274 2703 309 2756 ut
332 2698 358 2756 si
381 2715 435 2776 ego
460 2714 556 2756 essem
579 2704 625 2778 tu,
650 2715 804 2759 currerem
828 2717 863 2758 ex
888 2698 969 2757 omni
990 2704 1076 2777 pote-

52 2795 130 2850 state
155 2785 195 2847 ad
216 2784 298 2846 Doct.
321 2784 490 2846 Rumelium
513 2793 543 2846 et
565 2786 698 2846 dicerem
721 2789 762 2848 ei:
786 2787 839 2847 Dn.
863 2787 981 2866 doctor,
1004 2805 1076 2847 eura

52 2892 156 2939 meum
184 2873 294 2935 malum
322 2872 496 2956 Odontium,
528 2878 580 2954 qui
611 2876 681 2936 hinc
713 2876 782 2936 inde
815 2875 930 2937 vacillat
958 2881 987 2933 et
1014 2891 1075 2934 non

52 2966 178 3027 fortiter
196 2969 267 3044 stat3
290 2965 352 3023 seio
375 2971 405 3024 te
424 2963 534 3024 hahere
552 2964 664 3025 honum
683 2972 713 3026 et
731 2964 888 3043 probatum
908 2960 1075 3044 consilium,

54 3056 116 3116 uisi
138 3051 277 3113 homines
300 3053 407 3134 iacent,
430 3053 482 3113 das
503 3053 558 3113 soll
576 3054 664 3133 higen
683 3053 805 3115 heilsen.
838 3051 912 3113 Nolo
932 3069 1075 3112 excusare

55 3140 274 3223 longitudinem
296 3140 385 3202 huius
409 3140 564 3224 epistolae,
592 3146 661 3222 quia
685 3143 762 3222 apud
790 3151 820 3202 te
845 3142 943 3201 omnia
965 3139 1076 3201 habent

56 3232 151 3294 bonas
177 3232 240 3290 vias
266 3247 323 3290 nec
354 3229 445 3290 habes
477 3231 552 3291 mihi
579 3232 739 3311 quidquam
767 3250 821 3310 pro
850 3230 940 3312 malo;
973 3229 1019 3290 vel
1049 3232 1075 3290 si

57 3320 124 3401 hoc,
141 3317 303 3380 soheucket
320 3320 380 3379 mir
399 3321 486 3379 einen
505 3320 613 3402 thaler;
632 3323 672 3381 ist
690 3328 755 3400 gutt
774 3321 809 3381 ad
829 3338 938 3381 novum
955 3338 1074 3381 annum.

57 3407 96 3471 Et
122 3409 192 3488 quia
218 3406 307 3468 huius
335 3410 446 3468 mentio
474 3409 519 3490 fit,
552 3429 620 3471 ecee
654 3409 721 3470 dem
748 3410 863 3470 Herren
896 3411 945 3469 ein
974 3408 1075 3488 gldclr-

63 3494 189 3576 aeeliges
211 3513 310 3557 newes
333 3497 417 3579 lehc,
446 3500 512 3558 eine
533 3497 681 3579 junglrau
708 3498 769 3560 und
799 3500 907 3560 strauls
931 3500 972 3558 im
995 3498 1074 3577 haar,

61 3582 167 3647 utillo
189 3584 345 3665 aliquando
369 3585 474 3646 aiebat.
513 3587 544 3647 Si
566 3587 650 3648 robis
675 3591 733 3648 ista
755 3590 891 3650 tractatio
914 3605 974 3647 non
998 3586 1073 3646 hene
