2400 3966
529 168 666 240 epistolae
1060 168 1102 236 ’13

95 321 294 401 tissimumque
325 319 433 400 piures
463 337 518 398 ago
544 319 699 400 habeoque
723 322 847 400 gratias,
869 319 948 379 idem
971 320 1104 381 facturus

93 415 171 492 tertio,
203 413 232 471 si
263 409 394 489 qnando
421 428 438 469 a
465 407 591 469 barbara
613 402 899 489 peregrinationem
922 411 1104 487 acquieverit

91 501 189 582 paulum
217 502 332 561 animo
361 501 449 576 quasi
477 516 510 558 ao
534 515 659 577 corpore
682 500 888 579 compositior,
912 497 1007 557 simile
1031 499 1102 576 quid

90 590 148 652 uitro
169 590 252 650 mibi
276 589 485 667 imputaverit.
530 586 679 667 Epistoiae
703 596 784 668 tuae,
813 590 856 647 mi
878 587 1042 666 Virdunge,
1069 596 1102 648 ut

90 683 158 741 ciam
170 687 258 760 tuae,
278 676 479 757 Rittersbusi,
497 679 597 736 statim
612 678 753 757 respondi
767 677 936 755 tradidique
952 679 983 735 in
997 695 1103 736 manus

89 772 156 830 uori
177 769 298 830 levini
323 758 477 846 Hulsii⁸¹⁹,
499 784 575 845 quae
599 784 632 825 se
655 760 863 849 curaturam*)
886 783 941 844 per
963 767 1103 825 maritum

87 861 148 919 serio
171 862 355 938 receperat
400 853 464 915 Hoc
486 854 562 935 dieo,
585 863 618 914 ut
640 858 722 916 norit
740 855 909 933 Virdungus
933 872 980 915 me
1004 858 1103 934 magni

86 948 192 1029 iecisse,
218 945 312 1026 quod
335 943 416 1004 ultro
439 943 535 1005 literis
557 951 618 1004 tam
640 945 762 1025 lepidis,
787 951 849 1004 tam
873 947 952 1004 sanis
975 945 1104 1023 compel-

85 1037 139 1098 brit
168 1051 323 1116 quaeque
350 1039 495 1112 negarent
521 1035 619 1094 animo
647 1042 698 1094 aut
725 1052 849 1112 corpore
878 1052 1012 1114 aegrum,
1045 1037 1104 1094 nisi

84 1129 276 1206 periniquum
301 1122 457 1183 videretur
478 1125 683 1184 testimonium
704 1142 720 1183 a
739 1123 834 1182 domo.
872 1122 944 1182 Eius
962 1121 1103 1183 Iuveniiia

85 1219 192 1296 cupiam
223 1230 306 1274 sane
334 1210 436 1272 videre
463 1211 622 1272 reformata
650 1215 682 1272 in
709 1204 869 1291 melius³⁵⁰,
895 1211 1039 1272 hactenus
1066 1231 1104 1271 ne

84 1304 143 1366 lima
170 1309 293 1365 atterat
320 1302 417 1379 magis
444 1319 532 1379 quam
559 1301 659 1381 poliat,
705 1301 826 1361 Adieoto
849 1301 979 1360 Thrasea
1007 1303 1105 1360 reniet

84 1397 109 1455 in
128 1395 248 1454 samam
266 1390 368 1469 Lipsii
386 1396 417 1449 et
434 1407 494 1449 non
512 1392 612 1470 inepte
632 1389 800 1471 sustinebit,
823 1393 882 1450 iam
901 1389 972 1448 olim
991 1388 1105 1449 scilicet

41 1540 44 1565 ,
83 1490 162 1563 poeta
195 1499 266 1542 uon
301 1496 319 1538 e
350 1478 461 1538 multis.
511 1478 593 1550 Quae
624 1480 657 1540 b.
689 1480 907 1540 Rittersbusius
939 1497 956 1537 a
988 1485 1105 1538 rectore

83 1579 181 1633 nostro
197 1568 336 1649 repetita
349 1567 496 1649 cupiebat,
510 1586 544 1628 ea
558 1571 685 1648 recipiet
698 1587 752 1648 per
762 1569 914 1629 Melissum
924 1562 1105 1627 nostrum³⁵¹

84 1670 128 1723 aut
149 1666 243 1722 certe
267 1659 382 1718 certior
403 1657 455 1718 fiet
477 1657 605 1718 illorum.
651 1659 800 1736 Virdungo
824 1660 883 1717 iam
906 1676 985 1718 nuno
1012 1657 1105 1717 debeo

83 1750 294 1831 Epigramma,
321 1746 400 1826 quod
422 1748 565 1826 praefigat
588 1747 778 1808 iuvenilibus.
823 1746 913 1807 Vobis
937 1747 1014 1826 quod
1038 1766 1105 1826 pro·

83 1842 164 1920 misi,
193 1836 309 1916 reddo,
337 1835 389 1896 sed
417 1854 557 1897 mensura
584 1855 645 1896 non
671 1835 761 1916 bona,
789 1839 849 1896 nisi
876 1837 999 1896 affectus
1022 1855 1107 1896 meus

84 1947 135 2009 pro
159 1927 279 1988 effectu
301 1925 405 2006 fuerit,
433 1925 511 2004 quod
536 1933 635 1985 atam
659 1925 793 1986 comibus
817 1945 850 1985 ao
873 1926 1016 1986 modestis
1041 1944 1106 2004 spe·

84 2036 149 2078 rare
174 2007 324 2098 libet.**)
370 2014 497 2094 Videtis,
525 2015 672 2094 quomodo
695 2033 743 2075 me
767 2015 930 2094 expediam.
977 2015 1035 2074 Sed
1059 2033 1106 2073 ve·

84 2109 166 2167 niam
206 2103 319 2164 dabitis
355 2103 470 2164 bomini
505 2105 735 2183 occupatissimo
772 2107 803 2165 in
840 2105 906 2164 aliis
939 2103 1044 2163 studiis
1078 2109 1108 2161 et

87 2197 199 2256 mentio
233 2210 387 2271 nunquam
419 2192 546 2253 sedatae.
591 2193 649 2253 Vos
681 2196 769 2272 nugis
796 2195 863 2253 istis
891 2195 966 2252 meis
993 2191 1107 2250 addetis

86 2284 228 2345 ultimam
251 2298 373 2341 manum
395 2281 653 2361 impetrabitisque
676 2286 748 2343 item
771 2283 958 2361 Epigramma
981 2282 1012 2339 iu
1038 2280 1108 2358 Epi-

89 2363 266 2452 grapbas³⁶²
289 2388 306 2430 a
329 2368 401 2430 Dno.
423 2368 548 2451 Gentile,
572 2390 660 2449 quem
684 2373 816 2432 officiose
841 2371 944 2450 saluto,
966 2376 1000 2430 ut
1019 2371 1108 2428 etiam

88 2461 120 2521 D.
148 2457 335 2520 Taurellum.
380 2458 494 2540 Valete,
526 2462 689 2520 amicorum
721 2463 812 2541 triga,
844 2467 874 2520 et
903 2478 950 2519 me
978 2458 1108 2518 funalem

91 2567 203 2630 equum
232 2565 334 2608 amore
359 2555 458 2608 vestro
483 2544 664 2633 socialissssss)
688 2568 778 2629 porro
802 2550 924 2628 dignum
947 2551 1109 2609 aestimate.

90 2639 133 2700 lta
155 2656 211 2698 vos
236 2638 374 2697 aestimet
396 2637 504 2718 Gratia,
527 2636 630 2719 Pallas,
653 2637 726 2699 Clio.

134 2742 417 2824 Heidelbergae,
440 2744 587 2822 extemplo
611 2744 658 2804 die
684 2741 733 2805 13.
758 2745 830 2806 Nor.
855 2742 949 2808 1601.

303 2930 351 3002 57.
380 2934 406 3002 I.
431 2934 590 3004 Gruterus
614 2936 645 3003 0.
667 2934 902 3005 Ritiersbusio.

93 3055 359 3127 Heidelbergaa.
886 3064 927 3113 28.
946 3057 1012 3112 Deo.
1034 3064 1110 3113 1601.

160 3173 190 3234 S.
221 3170 253 3231 P.
286 3172 333 3230 vir
364 3170 622 3232 excellentissime.
672 3170 830 3250 Exemplar
860 3169 1112 3248 Epigrammatum

93 3268 215 3325 tuorum
244 3266 277 3320 et
303 3259 335 3319 b.
359 3258 487 3321 Piooarti
514 3260 639 3322 alterum
666 3260 733 3320 beri
760 3260 879 3319 demum
902 3261 1015 3340 recepi,
1041 3259 1113 3321 licet

163 3401 193 3469 *)
213 3395 283 3452 cod.
304 3401 457 3451 curatores.

144 3471 189 3540 *tq
210 3464 348 3536 Sequitur
366 3465 548 3536 epigramma.

126 3543 189 3613 ***)
211 3538 283 3596 uod.
302 3538 400 3593 eonati.
