2400 3966
146 189 189 255 70
580 189 600 246 1.
620 187 733 244 crateri

142 343 330 402 mutavimus.
376 339 478 399 Restat
501 340 604 419 igitur,
628 341 673 399 uti
697 341 794 399 omnia
819 339 961 418 obsequia
984 358 1049 400 mea
1073 340 1159 401 vobis
1194 370 1199 385 ι

142 431 293 510 pollicear,
317 447 455 507 oggerum
477 433 685 508 praestemque
707 428 744 488 ob
763 436 824 489 tam
843 435 1010 508 promptam
1029 437 1160 490 vestram
1193 468 1199 481 ·

143 522 312 580 comitatem
336 525 423 597 atque
446 517 653 597 prothymiam,
677 535 751 595 quae
772 517 909 579 omnibus
927 517 994 578 aliis
1014 519 1159 597 neglectis

142 612 183 670 ita
206 609 280 668 mihi
303 608 423 687 vacavit,
446 607 546 667 utrix
565 612 667 685 posset
684 607 776 666 frater
795 614 846 667 aut
863 604 987 686 propior
1006 615 1158 686 cognatus.

142 697 263 759 Obitum
282 703 381 756 autem
399 695 453 755 filii
472 689 570 776 tui³³⁴,
589 697 631 754 mi
648 694 839 777 Rittershusi,
858 698 903 756 uti
920 715 974 775 par
993 705 1048 778 est,
1072 697 1158 758 doleo

142 787 266 867 fuitque,
290 803 343 845 cur
365 791 564 864 temperarem
586 782 730 845 laetitiam
753 783 955 866 convivialem,
978 804 1159 865 quamquam
1195 820 1198 831 ·

142 884 172 935 et
195 875 274 935 aliud
298 875 387 933 otiam
410 876 439 934 ei
461 875 597 954 accessit,
619 873 742 933 morbus
766 892 872 953 nempe
891 873 1065 954 Hieronymi
1084 875 1158 936 Zum

141 963 242 1045 Lamh,
257 962 393 1023 avunculi
408 980 543 1043 sponsae,
557 963 609 1040 qui
628 981 696 1023 cum
709 962 768 1023 huo
787 962 913 1023 adducta
932 981 1033 1024 secum
1048 982 1159 1044 sponsa

142 1072 209 1113 mea
232 1053 408 1132 advenisset,
432 1059 515 1112 extra
538 1050 635 1111 cubile
654 1051 761 1130 pedem
780 1070 868 1112 suum
886 1070 947 1112 non
964 1055 1073 1131 posuit.
1108 1054 1158 1114 Sio

142 1144 234 1220 igitur
255 1140 331 1201 nihil
354 1142 385 1201 in
412 1140 459 1200 his
485 1140 624 1201 humanis
652 1142 816 1223 sincerum,
844 1159 940 1220 neque
969 1140 1079 1220 alioqui
1107 1161 1158 1203 ex-

142 1230 270 1291 orbitare
295 1229 375 1290 soleo
394 1232 452 1289 iam
471 1235 610 1308 expertus
633 1247 689 1308 per
705 1227 759 1289 XX
776 1248 870 1290 annos
889 1230 1018 1290 frontem
1037 1233 1157 1312 variam,

141 1323 272 1381 animum
295 1321 441 1399 rariorem
465 1319 555 1379 sortis
578 1321 774 1400 novercantis,
797 1337 866 1379 cum
883 1321 1011 1379 maxime
1030 1328 1157 1380 matrem

140 1410 277 1488 praefert.
302 1456 309 1469 .
325 1456 331 1468 .
347 1401 395 1490 fii)

184 1513 462 1595 Heidelbergae,
486 1513 534 1574 die
559 1510 609 1576 16.
628 1513 698 1574 Maii
718 1509 814 1576 1601.
1062 1597 1154 1616 m

370 1621 475 1682 Vester
497 1622 579 1680 omni
602 1623 667 1680 iure
690 1626 771 1680 totus
793 1619 899 1681 lanus
923 1617 1109 1682 Gruterus.

208 1764 240 1824 Si
258 1764 327 1824 llns.
342 1755 572 1842 clapmanus³³⁵
590 1781 636 1822 me
656 1761 752 1842 adhuc
770 1779 858 1823 nosse
877 1769 976 1842 potest
995 1770 1045 1823 aut
1064 1766 1157 1845 cupit,

140 1853 303 1913 officiosam
327 1855 355 1913 ei
378 1870 432 1931 ego
456 1851 590 1912 salutem.

343 2075 394 2145 54.
427 2078 453 2145 Ι.
478 2077 637 2146 Gruterus
662 2077 693 2144 G.
716 2077 995 2164 Rittershusioss

140 2200 401 2270 Heidelbergae.
920 2206 963 2257 22.
983 2200 1155 2273 Aug.,1601.

207 2297 235 2359 S.
255 2296 285 2356 P.
317 2295 434 2356 Prolixe
457 2297 517 2355 tuis
540 2295 738 2359 rescriberem
760 2295 872 2377 libenS,
899 2298 942 2356 mi
963 2295 1156 2380 Rittershusi,

140 2394 169 2447 at
192 2389 239 2446 vix
267 2386 381 2446 isthaec
407 2402 531 2464 possum
553 2403 624 2465 prae
652 2387 876 2464 importunitate
904 2402 1076 2468 operamm,
1104 2391 1158 2467 qui

143 2478 295 2554 quaternis
318 2474 421 2554 probis
444 2492 491 2534 me
511 2473 643 2552 quotidie
665 2480 780 2534 vexant.
812 2472 874 2534 lam
887 2476 973 2534 enim
995 2474 1074 2537 bona
1097 2476 1155 2537 fide

139 2570 266 2643 pergunt
289 2567 321 2623 in
343 2562 605 2643 lnscriptionibuS,
632 2562 711 2624 haud
739 2565 780 2623 ita
802 2569 916 2644 tamen,
945 2571 979 2624 ut
1002 2563 1156 2626 absolvant

139 2661 207 2713 ante
230 2654 391 2733 nundinas3
424 2659 453 2713 et
476 2655 610 2731 quamvis
633 2651 773 2713 deessent
795 2651 839 2711 illi
862 2651 888 2712 X
911 2659 962 2712 aut
980 2648 1155 2733 amplius⁸³⁶

139 2742 268 2821 indicae,
300 2760 374 2820 quos
403 2744 561 2802 concinnat
593 2747 695 2801 noster
723 2740 868 2822 Scaliger,
899 2743 1022 2802 interim
1053 2750 1154 2803 tamen

138 2829 285 2912 prostabit
315 2830 362 2890 his
393 2830 536 2891 nundinis
567 2832 720 2908 proximis.
766 2829 864 2901 Quare
897 2832 924 2890 si
951 2831 1017 2891 fieri
1046 2838 1155 2912 potest,

139 2939 240 2981 aream
259 2922 336 2980 intra
355 2919 467 2998 aliquot
484 2918 683 2979 hebdomadas
701 2918 811 2979 habere
830 2925 915 2979 tuum
930 2925 959 2979 et
973 2919 1156 2998 collegarum

138 3009 364 3089 Epigrammata.
410 3007 475 3069 Fiet
503 3008 533 3067 id
562 3008 716 3068 commode
743 3027 798 3087 per
820 3006 985 3069 Freherum
1008 3017 1155 3090 nostrum,

139 3103 190 3178 qui
213 3099 406 3178 Noribergae,
434 3100 474 3157 ita
497 3105 609 3178 tamen,
637 3104 670 3157 ut
692 3099 752 3157 nisi
775 3115 843 3156 mox
867 3097 1033 3179 reditums,
1055 3101 1156 3159 mittat

138 3207 192 3265 per
215 3188 383 3247 tabellarios
406 3186 595 3267 principales
619 3189 670 3265 qui
694 3188 912 3265 septimanatim
931 3186 1078 3266 Amberga
1096 3187 1156 3249 huc

140 3278 291 3336 ventitant.
328 3276 469 3336 Errorem
492 3294 592 3335 meum
615 3275 757 3336 Photiana
781 3269 989 3336 consolatio³³⁷
1013 3280 1156 3358 excussit,

139 3371 169 3424 et
192 3362 276 3423 doleo
305 3383 375 3423 sane
403 3368 514 3443 optimo
542 3367 620 3445 seni,
649 3367 742 3424 amico
771 3383 836 3425 meo
865 3382 925 3425 non
953 3364 1082 3446 vulgari,
1115 3369 1157 3427 ita

212 3551 236 3622 *)
254 3550 375 3620 Reliqua
393 3554 425 3606 ui
443 3552 518 3606 levia
537 3552 691 3608 omisimus.
