2422 3944
140 190 183 254 62
572 189 594 244 l.
615 188 729 246 Gruteri

142 343 184 401 mi
207 339 397 421 Rittersbusi,
421 339 466 400 lac
490 357 608 418 quaeso.
640 338 674 399 ln
693 337 758 400 aula
776 338 867 400 Ducis
884 337 1165 419 Wirtenbergcnsis

142 429 296 508 Stutgardi
318 428 460 490 dicuntur
482 446 548 489 esse
573 427 686 507 aliquot
708 430 928 507 inscriptiones.
973 427 1033 490 Eas
1061 431 1089 491 si
1111 438 1163 492 tua

142 537 232 599 opera
254 519 466 580 intercessoria
494 513 675 597 obtinerem,
706 517 793 577 fleret
819 524 850 577 et
876 516 996 596 publico
1023 517 1104 580 bono
1133 527 1165 581 ct

140 616 192 670 tuo
215 608 330 668 honori.
376 607 423 668 Tu
444 606 568 687 videris,
600 624 669 666 nam
696 624 751 685 ego
778 608 929 667 neminem
952 609 1087 690 reperio,
1110 610 1165 688 qui

143 716 180 758 ex
203 696 270 758 aula
298 696 348 756 illa
371 695 483 775 aliquid
509 695 584 755 mihi
611 697 752 774 impetret
779 695 918 757 omnibus
939 697 1075 779 ignotus,
1101 700 1164 758 nisi

142 785 222 864 quod
258 787 382 846 memini
414 784 525 845 ibidem
557 783 714 862 aliquando
742 785 835 846 fuisse
862 791 1003 863 patruum
1031 785 1165 847 Simonis

141 876 240 935 nostri
262 873 356 935 Ulrici
377 867 557 934 Pistorism.
597 873 667 934 Vale
690 875 733 933 mi
755 872 879 934 Domine
903 892 937 934 ac
961 873 1072 935 salvent
1094 894 1165 936 meo

141 966 260 1023 nomine
284 970 387 1024 noster
409 961 544 1024 Gentilis.

187 1062 495 1154 (Heidelbergae),
518 1069 567 1130 die
591 1067 642 1129 22.
661 1068 732 1129 Xbr.
753 1064 849 1130 1599.

194 1195 242 1344 flp
265 1201 453 1256 antecessum
476 1200 546 1273 opto
574 1192 658 1253 vobis
686 1211 796 1254 annum
825 1200 1000 1272 sequentem
1029 1194 1163 1256 faustum

141 1292 171 1345 et
206 1287 318 1345 eicem.

263 1534 266 1539 .
319 1472 372 1541 49.
404 1473 431 1542 Ι.
454 1473 614 1542 Gruterus
638 1474 669 1540 0.
691 1471 925 1540 Rittershusio.

141 1597 352 1654 Francfurti.
919 1599 963 1650 st.
983 1593 1060 1664 Sept.
1081 1601 1161 1652 1600.

207 1693 291 1754 Salve
323 1693 500 1774 plurimum,
531 1694 578 1752 vir
608 1694 872 1771 praestantissime.
918 1689 1027 1751 Rarius
1060 1690 1098 1752 ad
1128 1698 1159 1752 te

140 1782 252 1863 scribo,
285 1781 421 1843 sednon
444 1781 511 1842 ideo
534 1783 633 1842 minus
657 1799 736 1863 amo,
768 1780 849 1842 velut
872 1778 930 1861 illi,
961 1798 1037 1859 quos
1058 1779 1159 1859 pudor

138 1871 294 1951 praepedit
325 1869 416 1950 loqui.
462 1870 577 1931 Accidit
603 1877 704 1931 autem
733 1870 764 1930 id
793 1870 869 1951 fere,
901 1868 980 1949 quod
1012 1870 1160 1950 ignorem,

138 1959 261 2021 ubinam
293 1967 325 2020 et
355 1959 472 2038 quando
505 1961 664 2020 convenire
696 1961 810 2039 possim
841 1957 1021 2019 tabellarios.
1070 1957 1159 2019 Nunc

140 2047 239 2109 scribo
272 2056 392 2110 secutus
425 2051 611 2110 occasionem
641 2055 672 2108 et
698 2055 732 2108 ut
757 2047 813 2108 tibi
840 2049 1076 2108 transmitterem
1103 2046 1160 2107 has

140 2138 355 2217 Scaligerianas
374 2140 450 2199 meis
469 2137 608 2198 inclusas.
638 2137 716 2208 Quid
734 2155 814 2198 nunc
833 2155 911 2217 agas,
930 2135 1039 2214 quibus
1059 2135 1159 2197 studia

138 2234 189 2288 tua
213 2226 340 2309 excolas,
363 2245 473 2307 quaeso
497 2228 542 2288 lac
566 2226 723 2306 aliquando
748 2228 848 2287 sciam.
894 2224 936 2286 ne
958 2242 1007 2284 me
1037 2242 1089 2286 res
1112 2232 1160 2285 est

137 2318 257 2377 misera.
289 2316 360 2377 Vivo
386 2316 482 2378 adhuc
504 2315 612 2376 viduus
634 2315 838 2394 incumbitque
861 2314 910 2374 his
927 2313 1063 2375 humeris
1085 2330 1159 2375 cura

138 2408 183 2466 rei
211 2404 365 2466 familiaris
393 2406 579 2484 duorumque
603 2404 745 2486 liberum,
773 2423 848 2483 quae
876 2421 912 2464 eo
935 2403 1054 2482 gravior
1077 2401 1158 2482 quod

137 2494 251 2554 nullum
275 2494 399 2555 habeam
422 2496 454 2556 in
477 2495 565 2555 domo
588 2496 648 2554 nisi
672 2501 854 2554 extraneum.

418 2617 443 2678 0
466 2621 548 2698 passi
569 2625 670 2679 tamen
693 2615 843 2697 graviora!

136 2742 233 2821 Atque
265 2744 379 2804 utinam
410 2745 572 2804 etiamnum
604 2760 665 2803 non
696 2739 830 2822 patererl
876 2739 998 2821 Nescio,
1030 2758 1069 2802 an
1103 2740 1157 2801 ali-

137 2831 254 2911 quando
286 2839 316 2892 et
342 2831 398 2892 tibi
426 2839 460 2893 et
487 2831 559 2893 Duo.
588 2831 699 2892 Gentili
727 2832 901 2909 scripserim
928 2847 995 2890 esse
1023 2829 1157 2909 aliquem

136 2922 326 3002 Antverpiae,
362 2923 415 3000 qui
451 2920 570 2999 colligat
601 2920 742 3000 Epicedia
778 2922 811 2979 in
847 2918 961 2980 obitum
993 2911 1155 2980 Ortelii³⁰⁰.

135 3010 225 3072 Petiit
247 3013 274 3071 is
298 3029 315 3071 a
337 3028 385 3071 me
408 3017 442 3070 ut
465 3009 640 3071 Germaniae
660 3011 820 3070 excitarem
840 3010 971 3090 oscines3
994 3009 1056 3069 iam
1074 3010 1156 3068 enim

135 3100 245 3160 habere
256 3102 388 3160 carmina
396 3098 501 3179 Lipsii,
514 3097 641 3180 Douzae,
651 3098 803 3178 scaligeri,
812 3097 949 3158 Lernutii
957 3096 1155 3178 aliorumque,

137 3191 188 3267 qui
202 3188 280 3268 apud
298 3208 363 3250 nos.
395 3187 466 3250 Feci
484 3191 516 3248 in
534 3196 658 3268 partem.
689 3187 748 3248 Vos
767 3193 866 3248 autem
885 3192 1024 3266 expertes
1041 3185 1154 3247 habere

136 3277 227 3337 luerit
249 3284 389 3339 truncare
413 3277 537 3338 chorum
559 3277 719 3339 Musarum.
751 3275 823 3336 Peto
842 3278 942 3356 itaque
964 3292 1021 3354 per
1043 3279 1155 3337 sancti-

135 3371 229 3425 tatem
250 3369 397 3427 amicitiae
420 3373 540 3427 nostrae
559 3384 720 3445 manesque
744 3366 817 3427 adeo
837 3364 1014 3445 Ortelianos,
1036 3363 1154 3426 tuliae

136 3452 276 3535 Gentilis,
306 3461 340 3515 tu
361 3454 430 3537 dine
452 3453 635 3516 Rittershusi
667 3454 779 3534 aliquid
812 3456 878 3516 eius
904 3455 962 3514 viri
989 3456 1153 3515 memoriae

136 3542 239 3604 ludere
268 3542 441 3622 dignemini.
487 3544 536 3605 Sic
565 3544 645 3625 quod
676 3561 729 3604 vos
756 3544 883 3623 a‘mplius
906 3542 1046 3625 lugeatis,
1079 3541 1156 3604 nihil
