2400 3966
88 186 134 262 50
219 256 223 265 ⁸
522 189 542 246 Ι.
562 188 674 244 Gruteri

92 339 150 398 isto
175 338 330 398 cordivoro
353 356 498 401 moerore
544 337 613 399 Vale
636 345 670 398 tu
697 346 728 399 et
755 338 849 420 salve,
882 341 929 400 vir
956 347 987 400 et
1014 342 1120 402 amice

92 425 268 507 clarissime,
290 445 398 507 meque
422 446 487 488 ama
509 429 554 488 tui
581 445 770 507 summopere
794 436 951 490 amantem.
1118 395 1152 464 “l

134 533 411 615 Heidelbergae,
434 552 502 595 meo
525 552 608 595 more
631 536 749 615 raptim,
772 535 821 596 die
843 535 928 597 XVII
947 537 1026 617 Apr,
1050 539 1137 616 quol

91 622 141 683 die
164 630 232 684 tuas
254 623 329 683 mihi
351 622 473 684 tradidit
495 622 719 684 Wesombccius
742 618 876 706 filius²³2,
900 618 940 708 (a.
965 619 1078 710 1595).
1117 616 1152 679 ³1¹

1117 770 1119 777 ,
1132 726 1152 770 rr

296 828 348 901 at.
379 830 412 901 I.'
430 830 589 900 Gruterus
613 832 644 901 0.
665 831 904 902 Rittersbusic.
1115 929 1117 933 ι
1140 889 1152 949 'r

90 933 359 1025 Heidelbergae.
901 958 1110 1014 7.Dec.1595.
1138 995 1151 1039 ,

158 1051 186 1112 S.
206 1050 236 1112 P.
273 1050 314 1110 Mi
332 1048 530 1111 Rittershusil
567 1050 629 1111 lam
653 1053 838 1130 septimanae
861 1051 975 1131 aliquot
998 1051 1111 1134 abiere,
1144 1087 1150 1127 η,

90 1140 170 1219 quod
192 1140 350 1201 iudicarim
372 1138 428 1199 tibi
451 1157 506 1218 per
528 1138 644 1220 literas,
667 1141 818 1219 integrum
841 1140 938 1202 adbuc
959 1140 1017 1202 tibi
1041 1158 1117 1202 esse.
1144 1174 1152 1217 ῃ

89 1231 271 1290 interserere
295 1230 358 1289 suis
381 1227 455 1289 locis
478 1227 570 1288 Notas
593 1227 777 1310 Casanboui3
799 1236 868 1290 tuas
885 1231 966 1291 enim
988 1232 1021 1290 in
1040 1248 1109 1291 eum
1146 1266 1152 1305 ·.

89 1325 242 1397 auctorem
264 1318 397 1379 nondum
420 1335 559 1399 excusas,
587 1316 639 1377 sed
662 1318 836 1398 propediem
864 1312 1109 1380 excudendasffl.
1150 1358 1152 1385 ε

89 1408 175 1470 Nune
202 1426 271 1469 cum
297 1426 359 1469 non
386 1406 567 1487 respondeas
595 1405 631 1467 ad
654 1406 827 1468 huiusmodi
849 1406 966 1489 literas,
998 1409 1109 1469 iterum

87 1497 144 1558 tibi
173 1497 307 1576 significo
335 1497 482 1577 loturum,
513 1502 547 1556 nt
573 1495 775 1575 typographus
803 1498 881 1557 intra
910 1503 976 1558 octo
1005 1496 1108 1558 decem

89 1586 154 1646 dies
183 1588 354 1664 auspicetur
382 1592 451 1646 tuas
481 1580 567 1645 notas
598 1601 696 1663 neque
727 1583 855 1665 amplius
888 1592 1025 1665 expectet
1058 1604 1108 1646 aas

89 1673 264 1736 Casauboni.
305 1674 337 1735 Si
360 1675 488 1739 miseris,
512 1673 686 1754 appendicis
708 1672 774 1734 loeo
798 1673 935 1734 subnecti
957 1681 1114 1754 poterunt„

89 1763 178 1824 Valde
202 1764 296 1823 miror
317 1770 347 1823 te
370 1762 419 1823 hic
441 1770 502 1824 tam
525 1761 734 1843 negligentem,
758 1764 809 1842 qui
828 1762 961 1842 alioquin
979 1765 1060 1824 nosti
1078 1770 1109 1824 et

88 1871 185 1932 nuper
212 1859 353 1931 expertus
377 1854 433 1934 sis,
465 1869 554 1931 quam
580 1851 756 1931 typographi
784 1851 923 1913 difficiles
952 1854 1025 1934 sint,
1056 1851 1107 1913 ubi

90 1943 319 2020 interrumpitur
342 1959 449 2002 cursus
472 1958 576 2002 eorum
600 1947 650 2002 aut
672 1947 820 2020 cogrmtur
839 1940 910 2020 quid
930 1959 1050 2002 servare
1070 1941 1107 2000 ad

90 2031 170 2092 diem
193 2036 317 2091 certum.
357 2029 447 2090 Plane
470 2048 592 2112 vereor,
614 2047 653 2090 ne
676 2029 750 2090 haec
772 2036 874 2091 nostra
900 2032 1107 2109 tergiversatio

88 2119 145 2181 tibi
176 2126 283 2181 noceat
314 2137 349 2180 ac
375 2137 413 2180 ne
445 2119 493 2180 bis
526 2119 646 2199 qrridem
678 2119 789 2179 futuris
819 2119 963 2180 nundinis
991 2121 1109 2197 integer

89 2209 214 2289 prodeat
236 2208 377 2270 Isidorus.
423 2201 617 2270 Βοιιιιῖίιιεῖ34
638 2207 711 2268 haec
738 2225 799 2269 non
822 2214 918 2288 curat,
946 2210 1008 2269 nisi
1035 2225 1108 2286 qua-

87 2306 177 2360 tenus
208 2297 326 2359 lucrum
358 2300 423 2358 eins
454 2299 659 2378 interrumpit,
695 2298 747 2375 qui
782 2298 842 2357 iam
878 2295 1010 2375 alioquin
1045 2297 1109 2374 agit

89 2386 243 2448 Neostadii
270 2393 300 2447 et
322 2387 392 2447 fidei
419 2404 503 2447 meae
530 2404 595 2446 rem
618 2401 737 2446 omnem
760 2387 922 2466 commisit3
948 2386 999 2446 eui
1020 2383 1106 2464 polli-

90 2479 167 2537 citus
191 2495 257 2537 sum
279 2475 391 2536 nullam
414 2476 544 2537 loturam
566 2477 651 2535 inte
674 2492 795 2535 moram.
837 2473 903 2546 Quo
925 2475 991 2553 ipso
1014 2472 1109 2534 lalsns

90 2565 141 2625 lui.
187 2565 224 2625 At
246 2567 398 2644 recepisse
420 2572 451 2625 te
474 2565 577 2626 literas
599 2581 695 2644 meaS,
723 2561 832 2642 quibus
859 2563 891 2624 id
913 2562 971 2624 tibi
994 2563 1106 2641 signill-

88 2652 200 2734 cabam,
224 2652 293 2712 inde
318 2655 389 2734 scio,
413 2654 492 2732 quod
515 2653 617 2714 literas
640 2651 712 2712 alias
737 2654 781 2712 eis
804 2650 936 2713 inclusas
955 2653 1113 2713 curaveris

89 2741 124 2802 ad
153 2734 207 2806 Du.
230 2735 456 2823 Welserum²³⁵,
488 2761 504 2803 a
537 2760 595 2822 quo
627 2743 687 2802 iam
719 2748 787 2801 aute
820 2740 894 2820 duas
926 2743 1109 2820 septimanas

88 2830 180 2891 habui
200 2848 388 2910 responsum.
434 2829 551 2902 Quaeso
574 2833 674 2909 itaque
697 2829 735 2890 da
754 2847 890 2911 operam,
912 2837 947 2890 ut
968 2831 1108 2909 proximo

87 2919 241 2980 tabellario
265 2919 411 3000 obveniat,
435 2920 577 2999 quicquid
600 2922 644 2979 ris
667 2918 756 2980 adiici
773 2918 882 2979 lsidori
899 2921 988 2979 notis.
1021 2917 1106 2989 Quod

89 3011 189 3087 ipsum
211 3015 311 3069 tamen
333 3006 470 3088 pluribus
487 3027 549 3069 non
566 3007 712 3089 exambio,
734 3025 772 3068 ue
791 3007 893 3068 videar
911 3009 1006 3087 magis
1025 3006 1107 3067 solli-

89 3100 167 3158 citus
190 3101 269 3158 circa
293 3117 357 3159 rem
380 3105 462 3159 tuam
486 3117 574 3178 quam
597 3116 652 3177 par
670 3104 724 3157 est.
761 3095 830 3156 Vale
849 3098 950 3175 itaque
969 3103 1000 3157 et
1017 3094 1106 3157 salve.

89 3184 154 3245 Scis
177 3194 249 3264 puto
273 3186 405 3266 qualibet
427 3187 612 3248 bebdomada
635 3203 801 3247 commeare
825 3184 896 3245 binc
918 3184 1107 3246 tabellarium

87 3272 265 3352 Ambergam
289 3283 318 3335 et
342 3283 459 3358 contra,
483 3279 512 3337 ei
535 3277 680 3337 committi
704 3282 810 3354 potest.
851 3274 913 3335 Has
935 3276 1066 3353 accipies
1089 3291 1112 3333 a.

88 3360 153 3422 lini
168 3358 338 3422 Freherr⁸³⁶
352 3365 453 3445 lratre,
475 3368 527 3444 qui
541 3365 607 3426 heic
622 3363 716 3424 libent
704 3371 751 3424 ter
771 3381 872 3424 curam
892 3381 976 3424 snam
990 3362 1108 3424 obtulit

132 3449 409 3533 Heidelbergae,
433 3454 480 3513 die
504 3453 560 3514 Vll.
581 3452 718 3515 Decemb.
737 3451 848 3513 MDVC.

507 3542 612 3603 lanus
635 3542 816 3603 Gruterus
839 3559 959 3620 semper
981 3548 1062 3604 tuns
