2422 3944
161 111 224 176 126
554 110 588 166 n.
607 111 779 182 meceringr

160 264 211 341 qui
236 263 334 321 omnia
357 270 464 342 potest,
486 260 584 321 Deus<
610 260 771 341 Prodigum
789 261 830 321 Te
853 261 939 322 rideo
958 267 989 321 et
1007 269 1171 340 praematu-

157 369 225 411 rum
248 353 279 410 in
303 350 490 430 assignandis
513 350 617 411 tit’ulis.
654 350 744 411 Parce
765 349 824 410 illis
842 352 875 410 in
893 355 1060 431 posterum,
1083 353 1110 411 si
1127 368 1172 411 mc

157 459 246 501 amas.
284 438 355 519 Biga
371 442 426 500 ista
442 437 654 520 dynastiarum,
673 439 811 518 adquam
827 437 1065 519 contendo,·non
1080 441 1172 519 ipsius

156 530 291 591 Caesaris
315 537 370 611 est,
394 528 446 589 sed
469 527 594 589 baronis
618 530 738 609 Austrii,
762 527 931 589 Consiliarii
950 527 1102 609 Caesarei,
1124 530 1170 608 qui

156 621 186 679 in
206 618 265 679 illis
284 636 400 678 merum
419 619 578 697 imperium
597 616 694 678 habet
731 616 768 678 Et
785 620 920 696 quamvis
934 619 1063 679 iunctim
1078 615 1171 678 oblata

156 711 195 768 sit
218 707 436 768 administratio
458 714 487 767 et
507 706 708 786 dynastiarum
727 715 758 766 et
776 705 955 767 iudiciorum
974 708 1006 767 in
1025 704 1097 787 illis,
1120 724 1171 785 ego

154 805 253 857 tamen
277 797 353 856 iorte
377 795 426 856 illa
449 794 587 875 dilidam,
611 797 636 855 si
660 813 753 856 unum
776 795 927 856 hominem
944 797 1068 875 utrique
1088 797 1170 856 oneri

154 885 277 946 lerenrlo
300 887 445 965 imparem
470 903 642 963 cognovero.
684 884 769 955 Quod
793 883 941 963 reliquum
965 890 1021 966 est,
1045 883 1169 946 salutem

154 973 210 1034 tibi
233 973 392 1052 plurimam
415 976 520 1034 nuntio
544 993 559 1034 a
583 972 636 1033 lin.
657 973 749 1052 Copio
769 981 799 1034 et
817 973 870 1034 Dn.
888 970 1014 1054 Nochio,
1037 975 1092 1053 qui
1110 975 1170 1034 suis

153 1065 281 1142 negotiis
313 1063 401 1123 modo
434 1065 542 1123 intenti
575 1061 632 1122 alio
665 1064 760 1141 magis
790 1061 884 1123 libero
912 1069 1049 1141 tempore
1078 1062 1115 1124 ad
1141 1070 1168 1122 te

154 1151 266 1213 dabunt
284 1161 335 1213 aut
352 1154 452 1232 potius
472 1150 679 1232 blariaeburgi‚
704 1170 761 1230 quo
780 1157 951 1232 properant,
972 1151 1015 1212 Te
1034 1159 1168 1231 expecta-

152 1241 235 1302 bunt.
272 1241 334 1302 lam
352 1241 415 1302 rale
434 1241 567 1319 mihique
587 1258 719 1301 amorem
738 1246 822 1302 tuum
836 1258 977 1320 perenna.
1015 1239 1168 1312 Quomodo

153 1333 333 1392 successerit
355 1333 506 1409 negotium
530 1347 598 1389 cum
618 1328 794 1410 Perhanoto,
818 1330 1039 1408 quamprimum
1063 1329 1101 1391 ad
1123 1347 1167 1390 me

152 1419 321 1498 perscribas
349 1438 429 1499 rogo.
477 1419 509 1479 Si
537 1421 664 1479 maxime
692 1420 788 1497 patria
815 1418 950 1500 abluero,
977 1417 1083 1480 literas
1105 1426 1167 1480 tuas

151 1508 244 1587 probe
269 1508 304 1568 ad
328 1526 375 1568 me
398 1526 484 1568 soror
507 1526 571 1567 mea
596 1507 721 1587 curabit,
743 1525 782 1569 ne
801 1506 927 1568 dubites.
964 1506 1079 1569 lterum
1098 1507 1167 1569 vale.

195 1631 371 1712 llantisci,
394 1628 423 1691 9.
442 1632 511 1710 Apr.
530 1650 555 1692 a.
576 1629 673 1694 1625.

218 1755 298 1816 Tuus
323 1759 403 1815 omni
426 1774 504 1817 nexu
528 1764 558 1816 et
580 1759 701 1819 nomine

440 1863 664 1924 Hermannus
688 1864 880 1945 Tedering‚

151 1951 205 2011 der
227 1950 448 2012 Herrschallten
472 1951 628 2032 Oderberg
650 1953 712 2014 und
734 1951 862 2013 Reuttcn
885 1955 917 2013 in
938 1950 1095 2014 Schlesien
1117 1952 1165 2012 be·

510 2040 614 2102 stelter
636 2041 805 2102 Vernalter.

296 2247 345 2317 87.
377 2251 414 2317 ll.
437 2249 667 2337 l'beieriugus
693 2249 761 2318 Nic.
784 2249 1019 2318 Rillersbusio.

147 2353 319 2409 nancisci.
937 2360 979 2410 lo.
999 2355 1069 2425 Apr.
1088 2358 1164 2412 icet.

214 2484 287 2544 bem
309 2484 494 2546 Ehrnresten
518 2485 751 2565 Wollgelahrten
774 2486 873 2546 Herrn
896 2484 1018 2547 Nicolao
1039 2484 1164 2547 Rittcrs·

146 2573 233 2633 lrusio
252 2572 307 2653 lo,
330 2572 457 2634 Meiuem
481 2575 639 2635 insonders
660 2575 825 2654 Girnstigen
844 2574 960 2635 Horren
983 2571 1045 2635 uurl
1064 2582 1163 2655 gutem

146 2661 285 2722 Freundc
309 2680 345 2721 zu
368 2662 494 2723 handen.
541 2663 733 2743 blarienburg
755 2663 829 2724 oder
852 2661 1048 2742 Konigsberg.

213 2750 403 2833 Ehrnvester‚
425 2751 654 2832 ll'ollgelahrter
672 2753 748 2813 Herr
767 2752 828 2813 und
847 2751 1061 2830 zuverlelsiger
1078 2759 1164 2831 guter

144 2839 263 2902 Freund
283 2839 403 2908 Nicolae
422 2839 614 2922 Rittershusi,
637 2842 718 2902 lhmc
743 2841 810 2902 sind
832 2845 930 2903 moine
950 2847 1036 2921 ganta
1055 2841 1162 2919 willige

145 2929 265 2991 Ilienste
288 2928 350 2989 und
374 2930 455 3008 gruis
476 2928 621 3009 jederzeit
643 2930 742 2992 beror.

210 3019 268 3080 Das
297 3017 345 3077 icb
370 3017 439 3078 Scin
467 3019 667 3098 angenebmes
695 3038 761 3080 vom
792 3016 1162 3080 toreumatum

144 3110 243 3169 einem
261 3106 360 3167 Nobili
378 3106 543 3168 Pomerano
567 3127 604 3169 zu
625 3108 709 3170 recbt
728 3109 915 3190 empiangen,
937 3107 1027 3169 wirdt
1044 3126 1080 3171 er
1097 3116 1175 3169 rer-⁸

142 3195 318 3256 hollentliclr
360 3215 413 3257 aus
452 3199 567 3258 meiner
603 3197 667 3258 lhm
703 3196 910 3277 mitgegcbncr
946 3196 1161 3259 schrilitlicben

40 3358 43 3364 Ι
143 3291 281 3366 autumi,
314 3302 348 3344 so
379 3285 428 3345 ich
455 3285 520 3346 lhm
551 3286 609 3346 den
637 3283 666 3346 9.
695 3287 769 3347 ditio
797 3284 985 3368 rugestellet‚
1000 3312 1002 3317 ·
1017 3303 1161 3365 gnugsam

142 3373 322 3434 rcrstanden
335 3373 396 3433 und
412 3373 505 3454 dabcy
519 3373 654 3453 zugleicb
670 3376 717 3436 die
732 3374 966 3437 Perbandtiscbe
979 3373 1161 3454 Obligation·

144 3462 259 3523 schrilli
286 3463 317 3522 in
346 3462 483 3541 originali
507 3462 576 3523 uoll
600 3463 733 3525 erhalten
757 3464 863 3526 baben.
909 3463 990 3526 Solte
1013 3463 1087 3527 aber
1110 3463 1163 3523 der
