2400 3966
95 125 138 190 36
525 124 546 178 Ι.
566 122 679 179 Gruteri

88 276 168 336 tialis
191 276 363 355 potissimas
386 273 498 334 habeut
519 280 634 354 partes3
657 275 695 333 iis
713 275 835 352 inquam
853 277 975 354 proprie
996 274 1125 336 dicatus

90 373 144 426 est.
182 365 340 444 specimen
363 362 443 423 edidi
466 369 534 424 ante
558 380 651 422 annos
676 356 793 444 tresffl,
817 363 896 442 quod
915 365 1067 445 requires,
1092 358 1126 425 si

91 456 167 515 tanti
190 461 245 534 est,
269 458 406 514 anostro
420 451 635 512 Wesembecio.
672 451 701 512 ls
720 454 810 533 enim,
834 460 967 533 utputo,
991 451 1125 514 habehit

92 543 251 622 exemplar.
296 543 398 621 Itaque
426 541 506 620 quod
530 543 712 620 epigramma
734 547 764 601 te
787 540 962 622 poscebam,
987 549 1055 602 erat
1079 544 1125 603 iis

92 632 178 692 libris
205 634 340 712 proprie,
368 648 494 710 quorum
522 632 684 708 unicuique
711 629 770 690 tale
797 637 942 691 attextum
966 630 1125 692 emblema

94 721 129 782 ab
154 722 270 801 amicis,
293 720 401 798 hicque
425 719 516 780 hahes
540 718 669 798 aliquam
693 718 794 800 multa,
818 738 893 798 quae
917 719 1027 781 deinde
1054 722 1122 781 suis

93 816 242 889 ponentur
273 808 356 868 locis.
402 807 520 869 Utinam
553 815 583 868 et
615 810 695 869 inter
722 826 773 868 eos
801 827 906 868 versus
934 808 979 868 illi
1008 811 1121 890 arguti,

95 916 171 977 quos
198 899 288 958 nimis
317 900 427 958 iniurie
454 896 603 975 tardipedi
632 897 738 958 dicasti
765 896 835 978 deo,
864 916 931 958 cum
956 896 1120 960 debuisses

94 989 194 1067 potius
216 987 279 1046 lovi
306 985 399 1066 philio
423 993 453 1047 et
475 992 560 1046 natae
584 987 649 1046 eius
673 984 802 1047 Thaliae.
848 985 881 1047 Si
904 986 996 1047 verba
1019 994 1120 1069 tenes,

95 1093 206 1155 quaeso
244 1077 289 1137 iac
321 1077 496 1136 memineris
528 1092 721 1135 numerorum
754 1093 865 1153 eosque
898 1093 957 1136 una
990 1075 1120 1137 habeam

96 1183 164 1225 cum
188 1167 399 1245 epigrammate
419 1165 515 1224 nostri
533 1165 700 1224 communis
720 1166 808 1224 amici
826 1163 858 1224 D.
878 1162 1019 1246 Gentiiis3
1043 1174 1119 1244 puto

99 1257 179 1315 enim
202 1256 260 1315 iam
285 1245 515 1314 exambiisse¹⁵⁴.
555 1251 639 1322 Quod
663 1254 706 1312 ais
731 1252 767 1312 de
788 1252 918 1314 Senecae
942 1254 1120 1336 exemplari,

98 1343 176 1422 quod
196 1342 336 1422 Basileae,
359 1342 446 1403 laudo
470 1341 622 1402 iudicium.
660 1341 719 1402 Sed
741 1343 817 1402 tanti
839 1340 950 1403 laboris
969 1349 1017 1404 est
1036 1361 1119 1405 com-

97 1451 202 1511 parare
229 1433 302 1492 haec
330 1434 387 1492 ista
416 1449 483 1492 cum
506 1432 676 1511 impressis,
704 1438 737 1491 ut
759 1430 931 1493 huiusmodi
953 1449 1033 1492 onus
1057 1450 1121 1493 non

99 1523 260 1599 suscipiam
284 1519 419 1599 amplius.
466 1519 498 1579 Si
521 1525 621 1579 tamen
645 1521 712 1598 quis
735 1519 806 1601 illic,
832 1521 883 1599 qui
906 1520 976 1580 inde
1001 1520 1039 1581 ad
1063 1539 1121 1583 nos

99 1610 232 1669 mitteret
264 1616 417 1689 excerpta,
448 1625 555 1669 munes
587 1625 642 1668 nos
675 1611 863 1687 experiretur
890 1626 945 1670 nec
974 1627 1062 1670 suam
1091 1614 1121 1672 ei

99 1696 300 1758 invideremus
331 1699 362 1757 in
390 1695 466 1756 libro
494 1695 544 1756 illo
572 1703 675 1757 nostro
703 1695 828 1776 gioriam
856 1704 957 1777 aperta
984 1701 1121 1761 nominis

99 1786 294 1867 professione,
317 1791 459 1864 tanquam
481 1804 536 1864 per
560 1804 648 1865 quem
667 1787 906 1866 profecissemus,
927 1821 969 1830 -
992 1786 1044 1849 Sic
1064 1796 1120 1850 est.

100 1876 203 1936 lunius
230 1873 334 1935 habuit
363 1875 434 1935 olim
457 1874 515 1935 sihi
539 1877 696 1954 coniugem
719 1893 798 1957 eam,
827 1894 902 1955 quae
926 1883 991 1936 erat
1012 1881 1122 1938 uxoris

64 2019 68 2028 .
100 1982 184 2025 meae
207 1958 424 2046 matertera¹⁵⁵;
448 1965 507 2024 iam
530 1970 630 2025 tamen
653 1965 702 2025 hic
726 1982 786 2025 non
811 1967 879 2047 agit,
903 1965 956 2026 sed
979 1963 1122 2045 Lugduni

101 2053 286 2135 Batavorum,
308 2046 400 2137 uhi*)
426 2059 492 2113 ante
517 2072 627 2114 annum
647 2053 728 2114 abiit.
744 2053 898 2115 —Tuum
918 2050 1072 2116 ‘delitare’
1080 2049 1121 2091 1⁵⁶

101 2151 162 2204 tam
184 2144 288 2204 rerum
311 2152 357 2205 est
380 2161 469 2222 quam
492 2144 569 2222 quod
594 2146 731 2204 maxime.
777 2141 814 2203 Et
838 2161 947 2222 quaeso
973 2150 1017 2224 te,
1047 2145 1121 2224 quid

103 2235 251 2293 annotasti
278 2251 314 2292 ex
346 2232 406 2293 iilis
434 2231 595 2292 Camerarii
622 2227 729 2293 libris?
774 2230 848 2291 Nam
876 2249 932 2310 ego
960 2250 1055 2293 unum
1082 2253 1122 2294 ex

103 2324 141 2382 iis
166 2315 273 2404 (unum
297 2325 377 2382 enim
400 2328 515 2382 tantum
540 2339 697 2400 superesse
720 2314 871 2404 putaram)
899 2319 1122 2383 aCamerariis

103 2404 221 2490 petii¹⁵²
244 2418 274 2471 et
297 2410 420 2472 habebo.
457 2409 607 2470 Iiebeiram
626 2417 656 2470 et
674 2427 729 2489 ego
748 2403 912 2489 quoque¹⁵⁸
930 2428 1010 2472 nunc
1029 2415 1122 2473 etiam

105 2499 217 2579 aliquid
240 2502 387 2581 criticum,
411 2499 463 2560 sed
487 2498 641 2560 excusabit
663 2518 710 2559 me
729 2499 785 2560 tibi
804 2501 947 2578 temporis
966 2508 1122 2584 punctum,

105 2605 164 2666 quo
191 2588 264 2648 haec
293 2587 458 2650 scribillarc
487 2606 576 2667 cogor
599 2587 656 2648 aiio
681 2595 827 2649 avocatus.
873 2586 941 2648 Vale
965 2591 1067 2669 itaque
1092 2599 1123 2651 et

106 2675 198 2758 salve,
225 2678 268 2736 mi
295 2679 489 2759 amicissime,
518 2695 586 2738 cum
614 2695 706 2738 uxore
730 2685 760 2737 et
782 2676 899 2758 liberis3
928 2679 953 2737 si
977 2678 1123 2761 nondum,

105 2765 279 2827 Stabilinam
303 2784 355 2825 oro
379 2773 409 2827 et
431 2765 578 2826 Levanam
600 2775 718 2846 praesto
743 2769 811 2827 sint.

148 2872 413 2952 Heidelbergae
437 2872 494 2933 dat.
520 2871 571 2938 18.
594 2874 666 2953 Aug.
689 2873 841 2936 mnxcnl.

560 2982 592 3043 T.
617 2985 698 3043 omni
722 2983 820 3043 officio
842 2981 867 3045 Ι.
889 2980 1076 3043 Gruterus

107 3103 320 3113 -ῄ--ψ

178 3188 205 3257 *)
225 3188 271 3243 Sic
296 3188 390 3258 ipsum
409 3186 558 3242 Gruterum
582 3188 726 3259 scripsisse
750 3186 929 3252 crediderim
953 3187 987 3242 cf.
1010 3189 1125 3244 Gruteri

107 3256 250 3383 {pampas
263 3258 443 3387 &effigiari
464 3259 548 3329 episi.
572 3260 667 3318 select.
686 3279 712 3331 p.
734 3265 799 3314 545:
824 3258 961 3325 ‘Brettii-e,
981 3257 1031 3312 ubi
1049 3260 1125 3315 redii

932 3602 1098 3746 sta
