2400 3966
537 181 677 252 epistolae
1059 183 1112 249 ’65

86 335 157 395 uodo
180 353 224 397 ne
246 333 331 394 mihi
350 331 513 414 inrideant,
537 334 588 411 qni
608 351 697 411 opere
717 331 851 393 absoluto
871 351 986 393 sumam
1007 351 1112 412 super-

86 423 148 485 bam
170 424 357 503 quaesitam
386 424 496 482 merito
526 428 556 481 11
578 420 749 483 exclamabo
778 423 913 501 exegisse
942 440 1017 500 opus
1041 440 1110 484 aere

86 515 250 593 perennius.
302 510 404 571 Habui
431 510 494 570 illie
521 510 599 589 apud
626 529 678 571 vos
706 513 835 572 amicum
862 529 922 571 non
950 509 1112 594 vulgarem,

86 605 125 682 qui
148 600 335 681 tragoedias
365 598 479 679 aliquot
505 599 610 680 edidit3
642 618 752 660 nomen
784 602 843 660 iam
875 601 931 660 hoc
959 609 1110 661 momento

86 710 133 753 mn
154 682 364 770 occurrit³¹³;
388 690 535 767 scriptum
558 696 604 749 est
626 695 727 749 tamen
749 689 867 749 Amoris
890 688 949 749 1610
969 691 1000 748 in
1019 690 1109 750 eorde

86 798 152 861 nco,
175 782 207 841 si
233 778 339 840 adhue
363 777 462 858 isthic,
485 796 595 857 quaeso
618 780 645 837 is
670 781 759 838 etiam
783 780 849 839 istis
868 780 944 839 meis
963 779 1109 857 epigram·

86 872 159 931 nafis
183 873 326 947 imputet
350 869 539 945 epigramma.
585 866 675 948 Idem,
698 869 725 927 si
753 867 907 948 auderem,
935 874 1069 946 peterem
1092 888 1109 930 a

85 967 170 1021 nstro
199 949 407 1036 Piccart0314,
440 958 525 1017 cuius
553 955 679 1017 Carmen
703 959 735 1017 in
758 955 912 1035 Ortelinm,
945 956 1016 1017 licet
1044 957 1109 1018 loco

86 1041 283 1127 altimum³¹⁵,
316 1044 463 1106 habebam
490 1047 588 1105 animo
616 1063 683 1105 meo
711 1047 791 1106 inter
817 1047 958 1123 primora.
1004 1045 1110 1107 Vester

85 1136 201 1199 Colerus
217 1136 273 1197 hie
290 1133 449 1197 nobiscum
468 1127 582 1215 agit³¹⁶,
601 1134 679 1214 quod
698 1134 825 1215 gaudem
849 1141 895 1194 est
914 1136 994 1195 enim
1014 1135 1108 1196 lactus

85 1226 241 1289 almeum
267 1230 404 1305 grisium,
436 1241 496 1283 non
519 1223 740 1304 arrogantulus,
767 1242 828 1283 non
856 1224 1043 1303 fastidiosae,
1076 1232 1109 1285 ut

84 1314 126 1377 alii
140 1316 209 1377 fere
231 1320 407 1374 vestrorum
426 1312 559 1373 locorum
577 1312 713 1373 homines
728 1315 874 1393 rariores,
892 1319 1007 1372 tantum
1023 1312 1108 1373 doleo

85 1423 143 1465 enm
167 1405 278 1465 rarius
297 1419 347 1462 me
365 1403 495 1462 inrisere
518 1420 626 1481 meque
645 1404 753 1482 ipsum,
772 1404 829 1462 etsi
850 1401 881 1461 id
900 1401 974 1461 mihi
993 1420 1108 1483 causae,

85 1494 154 1573 quoti
177 1495 363 1571 importune
387 1490 528 1552 accedere
551 1493 674 1572 possim,
697 1510 765 1551 oum
788 1497 855 1570 agat
878 1508 938 1550 non
962 1492 1009 1550 sui
1032 1493 1108 1551 iuris

85 1601 144 1645 ann
156 1581 262 1645 nobili
278 1573 444 1661 Polono³¹⁷,
463 1579 574 1659 alioqui
588 1588 734 1659 perpetuo
748 1582 808 1659 ipsi
822 1580 966 1640 adessem.
997 1579 1108 1641 Vellem

85 1672 208 1735 11111111
232 1678 340 1731 tecum
364 1671 486 1750 garrire,
511 1668 563 1729 sed
587 1672 647 1729 iam
670 1668 771 1730 charta
795 1668 909 1751 deficit,
939 1677 970 1730 et
992 1688 1107 1750 vereor,

84 1766 314 1840 reoccupatus
347 1765 391 1818 101
417 1760 540 1837 privatis
572 1765 617 1819 tot
648 1757 776 1838 publicis
809 1776 935 1818 nausees
966 1758 1001 1818 ad
1029 1759 1106 1820 hanc

83 1850 281 1913 desultoriam
304 1848 511 1929 scriptionem,
541 1847 593 1909 ubi
615 1866 671 1908 nec
698 1866 752 1926 pes
780 1854 902 1926 apparet
929 1865 985 1907 neo
1009 1856 1107 1928 caput,

83 1948 157 2002 certe
175 1956 245 2001 non
266 1954 327 1998 cor.
364 1935 454 2018 Heus,
472 1939 515 1997 mi
533 1936 723 2017 Rittershnsi,
743 1938 811 2014 quia
831 1938 916 2015 copia
934 1943 981 1997 est
999 1939 1106 2016 nuntii,

84 2032 147 2108 quei
174 2030 226 2110 fit,
262 2033 297 2087 ut
324 2044 412 2086 nemo
438 2032 533 2087 vertat
560 2029 592 2086 in
619 2044 788 2087 sermonem
820 2024 944 2086 latinum
973 2034 1107 2087 oratores

83 2117 143 2180 illos
166 2116 308 2178 Graecos
330 2117 456 2176 iunctim
479 2109 672 2176 excusos³¹⁸?
702 2113 792 2175 Fama
815 2133 886 2175 sane
910 2115 1026 2175 eiiutle
1051 2117 1105 2175 im-

84 2206 226 2269 mortalis.
266 2203 367 2265 Photii
384 2203 597 2265 Hoescheliana
621 2204 760 2266 Schottus
784 2210 886 2263 noster
909 2197 1105 2263 translert319.

84 2295 160 2359 Tuus
178 2286 439 2357 Artemidorum
461 2293 513 2354 ubi
536 2291 691 2354 moratur?
715 2293 746 2353 Si
769 2292 839 2353 talia
862 2292 936 2352 mihi
955 2291 1104 2373 Alcyonia,

86 2386 179 2464 qualia
211 2382 315 2464 robis,
347 2382 400 2443 ubi
426 2384 568 2444 nimirum
600 2390 651 2443 aut
682 2384 777 2442 amori
808 2384 881 2442 estis
912 2389 962 2441 aut
989 2381 1104 2461 honori,

87 2475 151 2553 qnid
166 2492 233 2536 non
248 2490 384 2553 conmer,
403 2472 473 2552 quid
487 2491 548 2532 non
568 2490 720 2551 sperarem
739 2478 769 2531 et
786 2476 991 2551 perpetrarem
1006 2472 1103 2530 etiam.

87 2562 136 2626 llic
165 2565 268 2625 ricino
302 2560 354 2622 illo
387 2561 423 2623 de
446 2560 611 2623 Gothorum
638 2555 835 2640 prosapia³21,
868 2559 943 2620 nihil
975 2578 1107 2640 possum,

87 2653 157 2715 nihil
180 2651 294 2733 audeo,
316 2669 354 2712 ne
377 2650 479 2711 videar
501 2651 569 2711 lites
594 2657 722 2730 captare,
746 2656 775 2709 61
798 2649 909 2728 alioqui
932 2652 976 2710 sio
1000 2649 1107 2711 viduus

88 2745 195 2822 quique
223 2741 288 2802 fere
315 2739 364 2801 bis
392 2743 551 2819 quotannis
584 2747 614 2800 et
641 2742 749 2818 migret
778 2732 969 2822 (Parthorum
1001 2758 1107 2818 regum

89 2832 179 2893 instar
193 2848 234 2892 an
248 2822 469 2912 mendicorum)
485 2829 521 2890 de
536 2829 624 2890 domo
639 2831 670 2890 in
681 2828 811 2909 domum,
829 2828 962 2888 nondum
973 2828 1107 2888 ordinavi

89 2917 298 2981 bibliothecam
317 2937 424 3000 meam,
446 2919 579 2979 nondum
598 2917 710 2979 absolvi
725 2936 769 2998 ea,
788 2936 863 2997 quae
882 2918 1019 2977 inchoata
1038 2922 1106 2976 ante

91 3026 179 3071 annos
192 3008 267 3069 vin
295 3008 346 3069 Sic
360 3009 452 3086 igitur
465 3007 538 3069 abiit
553 3008 626 3069 mihi
639 3011 700 3068 vita
713 3006 875 3085 videorque
890 3009 956 3066 iure
970 3002 1106 3082 neglecto

91 3100 187 3176 priore
201 3116 270 3158 meo
284 3090 402 3159 scito322
431 3093 518 3159 ‘Areo
532 3097 560 3158 le
574 3105 672 3176 temps
687 3102 717 3156 et
731 3114 779 3155 ma
792 3090 892 3174 peine'
908 3094 1105 3171 assumpsisse

91 3186 215 3249 alterum
237 3182 393 3266 ‘Trabajar
415 3205 433 3266 y
456 3181 570 3248 morir'.
620 3186 701 3247 Adeo
729 3185 798 3244 linis
826 3191 855 3243 et
883 3183 998 3243 fruetus
1026 3180 1107 3242 labo-

92 3292 156 3337 rum
185 3278 321 3337 omnium
353 3275 428 3337 nihil
459 3278 517 3338 erit
544 3278 604 3337 nisi
631 3279 716 3354 nigra
743 3291 839 3354 mors,
872 3290 960 3352 quam
992 3278 1108 3333 tantum

93 3362 173 3427 abest
201 3366 361 3447 deprecer,
397 3373 431 3426 ut
463 3372 563 3445 optem
595 3383 683 3444 saepe
713 3364 770 3424 hoc
803 3362 920 3424 saeculo
948 3369 1107 3442 personato

94 3460 122 3513 et
148 3453 201 3515 uhi
231 3453 344 3533 ubique
377 3454 456 3516 aliud
489 3458 521 3514 in
550 3473 601 3515 016
630 3452 710 3514 aliud
737 3455 769 3512 in
792 3461 922 3532 pectore.
969 3453 1043 3513 Cum
1070 3457 1108 3527 te,

96 3559 159 3603 cnm
181 3542 329 3604 Gentilem
362 3547 473 3625 cogito,
506 3543 542 3603 de
572 3543 680 3622 quihus
709 3540 795 3602 multi
823 3544 996 3621 frequenter
1019 3538 1111 3599 multa

144 3653 217 3703 Epist
232 3664 294 3696 seeo.
309 3656 364 3698 XVI
378 3658 401 3698 et
414 3655 491 3697 XVII.
935 3646 951 3694 5
