2400 3966
503 165 642 236 epistolae
666 140 670 146 ’
1037 169 1080 233 91

10 326 12 361 =
48 321 94 400 ita,
117 326 158 379 ut
183 336 249 378 neo
272 315 451 395 capillorum
473 316 575 394 lapsus
592 335 648 377 nec
667 317 880 378 vilissimorum
898 319 1084 397 passerculo-

10 404 12 467 ἓ
49 426 115 468 rum
138 406 271 466 volatus
294 423 363 465 eam
385 403 592 484 subterfugiat,
612 409 717 485 ntique
736 425 790 466 nec
810 407 908 466 cordis
927 407 1084 468 dimidium

10 480 12 559 ἶ
49 505 79 558 et
100 499 201 576 quasi
226 494 323 555 altera
345 494 476 553 hominis
498 498 650 573 coniugati
676 499 736 555 vita
765 499 829 555 sine
851 496 986 556 eiusdem
1007 506 1083 557 nutu

10 630 12 639 .
51 585 249 647 succumbet
282 583 366 654 Quae
388 585 481 661 igitur
502 583 563 643 Beo
585 593 690 644 nostro
712 584 896 664 placuerunt,
918 584 1005 645 nobis
1028 605 1084 646 cur

50 669 281 755 displicerent?
302 675 481 751 praesertim
504 674 623 750 quando

94 799 190 871 Quod
205 797 288 858 Deus
303 799 440 876 imponit,
457 796 546 856 moile
564 807 624 877 est3
643 798 723 876 quod
742 798 863 879 indicat,
880 817 1009 878 aequum
1023 810 1083 880 est3

143 887 238 959 Quod
256 889 372 966 statuit,
390 888 502 946 iustum
520 896 580 967 est;
599 887 678 966 quod
698 888 776 967 tacit,
795 906 883 948 omne
901 887 1014 948 bonnm
1027 897 1083 969 est,

52 1040 83 1092 et
99 1031 189 1091 -Eius
214 1036 319 1089 sancta
342 1027 477 1088 voluntas
500 1032 634 1089 omnium
657 1032 753 1089 instar
771 1033 921 1090 rationum
939 1031 1027 1091 nobis
1045 1034 1085 1092 sit

54 1128 84 1182 et
116 1138 192 1181 esse
227 1113 359 1178 debeat?
402 1117 474 1177 fato
506 1120 587 1178 enim
622 1121 800 1197 iunguntur,
836 1120 896 1179 tato
928 1120 1084 1181 solvuntur

53 1228 180 1270 amores
219 1207 400 1284 tandemque
435 1206 523 1266 bonis
560 1210 661 1267 omnia
696 1210 727 1267 in
760 1207 872 1267 bonnm
909 1208 1017 1269 cedunt
1054 1218 1083 1268 et

54 1305 236 1379 operantur.
278 1294 424 1355 Videntur
446 1295 568 1374 quidem
590 1296 678 1356 nobis
700 1295 786 1376 mala,
808 1296 917 1374 quihus
940 1297 1031 1356 tidem
1054 1305 1084 1358 et

54 1387 327 1467 aequanimitatem
351 1392 484 1444 nostram
507 1383 633 1445 subinde
657 1395 777 1445 exercet
800 1384 889 1466 Deus,
912 1394 1083 1446 nostrorum

54 1496 92 1538 ex
114 1477 178 1536 hae
201 1475 332 1534 statione
355 1475 506 1553 migratio,
533 1477 654 1553 propria
681 1483 782 1534 nostra
809 1474 932 1534 afflictio
954 1483 985 1534 et
1008 1494 1082 1553 quae

54 1565 103 1625 his
117 1562 269 1625 accedere
287 1570 428 1641 possunt3
451 1563 504 1622 sed
523 1582 625 1623 revera
644 1563 721 1623 mala
739 1582 799 1623 non
817 1572 896 1644 sunt,
914 1583 1008 1643 poena
1023 1583 1082 1624 non

56 1661 146 1732 sunt,
179 1649 375 1732 δοκιμασὰα
406 1661 475 1711 sunt
507 1660 536 1712 et
564 1671 680 1713 amarae
713 1653 858 1732 quaedam
888 1656 1014 1732 sagittae
1046 1673 1084 1713 ex

56 1742 144 1804 dulei
161 1741 220 1802 Dei
237 1759 330 1800 manu
348 1743 483 1800 emissae.
515 1740 551 1800 Et
571 1744 597 1800 si
616 1745 743 1802 maxime
762 1741 831 1802 talia
850 1751 962 1822 essent,
984 1751 1084 1803 tamen

55 1851 129 1894 eum
154 1830 229 1891 iobo
250 1830 425 1890 dicendum:
454 1829 597 1890 Bominns
620 1831 711 1910 dedit,
734 1831 877 1891 iiominns
900 1831 1035 1913 absnrlit3
1058 1835 1084 1892 si

56 1921 141 1983 bona
163 1923 324 1980 innumera
347 1917 385 1978 ab
407 1918 458 1979 isso
477 1922 656 1999 accepimns,
678 1939 773 1999 pauca
789 1921 867 1981 mala
885 1922 1011 1982 sufferre
1029 1939 1084 1982 cur

57 2005 324 2072 detrectaremus?
345 2008 405 2068 Sed
427 2008 565 2069 desinent
588 2008 674 2069 nobis
694 2009 769 2069 mala
786 2010 939 2089 appellari,
962 2013 989 2070 si
1007 2013 1084 2070 vitae

58 2100 155 2162 huius
192 2099 383 2177 fugacitatem
418 2107 448 2158 et
484 2116 586 2158 rerum
626 2098 822 2158 humanarum
863 2100 1085 2159 vicissitudines

60 2190 197 2250 vanitate
227 2187 419 2265 undiquaque
451 2190 613 2265 permixtas
650 2187 806 2247 nobiscnm
838 2190 1083 2266 reputaverimus.

58 2277 145 2350 Quin
175 2279 277 2356 potius
309 2278 351 2335 ita
382 2284 559 2336 statuemus:
591 2293 652 2336 non
679 2276 820 2336 recedere
851 2283 902 2335 ant
929 2276 1084 2336 discedere

58 2366 152 2448 plane
179 2373 300 2426 nostros
327 2383 382 2443 per
408 2373 535 2425 mortem
562 2364 649 2424 nobis
681 2364 862 2445 subtractos,
894 2364 947 2424 sed
977 2364 1084 2425 saitem

59 2474 120 2518 nos
147 2454 339 2534 praecedere.
383 2453 437 2514 Est
463 2457 545 2514 enim
571 2453 809 2514 Christianorum
838 2453 983 2532 quaedam
1014 2472 1083 2533 pro-

60 2545 166 2625 fectio,
188 2562 279 2622 qnam
296 2552 424 2604 mortem
442 2562 595 2624 vocamus3
617 2546 745 2603 maxime
763 2553 828 2603 tum
846 2545 993 2622 oriuntur,
1016 2561 1085 2602 cum

60 2637 113 2715 pie
146 2635 332 2693 moriuntur:
364 2633 455 2692 innns
491 2634 578 2693 fenus
609 2632 727 2693 habent.
774 2633 919 2693 Desinunt
951 2650 1085 2712 peccare,

60 2723 209 2784 desinunt
229 2723 344 2801 iactari,
365 2722 506 2782 desinunt
528 2724 633 2782 miseri
655 2740 731 2782 esse.
762 2721 806 2781 Ex
824 2721 931 2782 umbra
948 2724 1025 2782 vitae
1044 2720 1082 2780 ad

61 2829 167 2873 reram
188 2813 290 2891 vitam
312 2829 329 2870 e
351 2810 486 2871 tenebris
504 2811 541 2871 ad
560 2811 666 2890 lucem,
689 2810 726 2870 ab
744 2810 916 2871 hominibus
933 2810 970 2870 ad
990 2810 1083 2869 Deum

60 2899 243 2963 concedunt.
287 2899 369 2970 Quae
396 2900 524 2960 felicitas
551 2918 621 2960 cum
652 2907 682 2959 et
712 2898 892 2961 lectissimae
920 2908 1084 2978 matronae,

61 2992 96 3052 A.
114 2989 148 3050 V.
177 2990 297 3067 coniugi
323 2988 594 3049 desideratissimae
621 3008 718 3068 nuper
745 2991 917 3067 contigerit,
948 3005 1009 3047 non
1037 2989 1083 3047 in-

61 3078 193 3141 videnda
215 3080 276 3157 ipsi
297 3078 396 3138 inerit
428 3077 470 3137 De
493 3097 585 3138 onere
607 3079 872 3139 administrationis
890 3077 1081 3156 domesticae,

62 3168 146 3250 qnod
175 3185 233 3247 per
260 3185 294 3226 se
323 3170 396 3227 satis
424 3186 513 3246 grase
540 3177 587 3227 est
617 3187 672 3228 nec
699 3167 818 3246 publico
845 3166 924 3226 bono
951 3174 1020 3226 nato
1049 3185 1085 3226 ac

61 3258 216 3320 destinato
237 3258 351 3334 imponi
374 3257 459 3333 solet,
481 3256 561 3316 {tens
583 3256 759 3336 providebit,
782 3259 834 3335 qni
857 3255 1044 3316 vulneratum
1067 3273 1084 3314 a

62 3366 99 3409 se
122 3363 241 3426 sanare,
262 3348 470 3406 contristatum
493 3345 668 3425 exhilarare,
691 3348 722 3405 in
745 3345 885 3424 abvssnm
903 3348 991 3423 quasi
1008 3344 1085 3405 cala·

62 3438 206 3499 mitatum
223 3433 382 3495 deductum
400 3435 557 3496 extrahere
572 3436 690 3494 sortiter
703 3442 810 3513 potest,
824 3432 987 3494 clementer
1000 3433 1085 3493 solet

62 3524 206 3589 mntem
227 3526 368 3585 animitns
391 3544 514 3605 precor,
536 3526 608 3585 haec
632 3533 662 3584 et
686 3523 751 3603 alia,
774 3543 850 3602 quae
874 3523 1013 3583 solatium
1035 3521 1086 3581 ad-

117 3635 197 3687 ιιι
210 3645 272 3676 me.
285 3635 343 3675 xv1
356 3640 379 3676 ct
393 3636 470 3676 xm
911 3630 926 3641 '

10 3720 140 3751 Ιὶιιι.·.···..
