2400 3966
528 271 531 278 ,
557 214 726 285 epistolae,

238 429 301 502 84.
335 434 376 501 ll.
402 431 643 520 l'lrerleringus
668 432 738 502 Nic.
761 432 998 502 Rittershusio.

87 555 265 614 [lentisci.
910 562 953 611 28.
973 555 1041 611 Deo.
1061 563 1137 616 1624.

150 686 336 750 ..Nicolao
360 686 587 768 Rittershusio‚
610 686 713 766 legum
736 686 908 767 candidate,
932 690 963 747 in
988 687 1063 748 alma
1081 688 1137 752 Bo·

88 796 249 840 russorum
272 775 433 838 academia
452 794 482 855 p.
498 783 520 836 t.
537 778 737 836 commoranti
752 823 777 836 ..
792 774 989 856 Konigsherg.

150 866 298 928 Salutem
314 872 346 926 et
366 862 482 926 officia!
513 863 640 925 Domine
656 863 778 925 Nicolae
796 861 931 926 dormis?
950 873 1055 928 excute
1070 875 1133 931 tan-

88 956 152 1018 ulem
177 954 284 1017 oculis
306 956 402 1017 istum
422 961 594 1034 veternum,
619 955 671 1034 qui
690 953 732 1014 Te
752 952 829 1034 Tibi,
852 953 935 1036 mihi,
958 955 1025 1016 aliis
1044 960 1133 1039 eripit

87 1065 138 1107 uec
162 1052 310 1106 veterem
334 1042 424 1105 illum
452 1042 694 1104 Rittershusium
718 1061 785 1103 esse
810 1044 889 1103 sinit.
935 1043 973 1105 Et
998 1045 1072 1106 lulio
1102 1059 1132 1112 et

86 1136 222 1215 Augusto
240 1138 273 1195 et
283 1131 463 1213 Septembri
478 1138 508 1192 et
519 1130 644 1192 Octobri
660 1130 815 1192 mensibus
829 1134 964 1210 proxime
975 1134 1082 1212 elapsis
1093 1141 1130 1200 ad

87 1224 124 1285 Te
138 1222 217 1285 dedi
230 1240 292 1303 per
305 1224 418 1283 varios.
444 1221 491 1282 'lu
504 1228 607 1282 tamen
622 1215 658 1281 a'd
674 1228 718 1281 tot
733 1219 976 1298 compellationes
988 1241 1025 1282 ne
1036 1229 1128 1288 semel

86 1314 211 1394 pridem
239 1304 494 1391 expergisceris?
540 1309 653 1371 Causas
679 1309 791 1370 silentii
815 1311 860 1368 tui
883 1317 942 1369 tam
965 1314 1126 1389 pertinacis

39 1380 41 1411 Ε
85 1402 185 1465 nullas
203 1400 298 1463 video
318 1402 395 1463 satis
414 1399 549 1461 idoneas.
588 1399 620 1460 Si
638 1401 739 1460 miuus
760 1398 913 1459 commode
933 1400 1011 1460 vales
1031 1394 1124 1484 (quod

85 1485 211 1576 nolim),
242 1491 352 1552 vicarii
382 1507 504 1570 quoque
533 1508 624 1550 manu
652 1488 726 1549 mihi
755 1487 925 1549 satisfacere
953 1507 1070 1574 posses;
1098 1497 1124 1556 si

85 1579 246 1644 scribendi
284 1581 462 1641 occasiones
499 1597 561 1640 non
595 1584 758 1658 suppetunt
791 1586 841 1639 aut
873 1578 960 1640 solito
992 1584 1122 1646 rariores

85 1677 269 1750 occurrunt,
298 1676 400 1730 certas
428 1670 494 1747 ipse
519 1668 587 1729 Tibi
615 1669 759 1750 indicavi,
787 1668 895 1748 quibus
922 1672 954 1733 ui
983 1673 1047 1751 ipse
1070 1675 1120 1738 de·

85 1761 213 1841 fuisses,
248 1758 329 1820 'luas
363 1766 426 1818 tam
459 1757 512 1820 diu
547 1758 719 1819 desiderare
753 1766 872 1820 coaetus
900 1780 960 1823 nou
988 1763 1118 1829 fuissem.

84 1849 172 1911 Numa
196 1846 281 1910 hanc¹
302 1865 411 1909 novam
435 1849 573 1930 nomin03
597 1848 740 1928 quioquid
760 1849 796 1910 ad
816 1869 862 1911 me
882 1859 963 1914 reete
983 1862 1117 1918 curatum

83 1939 169 2019 velis,
191 1937 225 1999 id
243 1938 344 2017 primo
365 1955 486 2017 quoquo
507 1938 556 1999 die
575 1937 675 1998 tradas
695 1937 748 1999 Dn.
764 1938 977 2022 Christophoro
993 1944 1115 2009 Steben·

84 2027 189 2109 haber,
209 2025 393 2088 Churlirrstl.
408 2026 746 2108 CantzleyVeruaudten
765 2029 822 2111 bey
837 2031 920 2094 Euoh
939 2054 975 2095 zu
988 2034 1114 2118 Kinigs-

84 2117 169 2198 berg,
189 2118 241 2177 eui
259 2134 342 2177 nuno
361 2116 465 2179 literas
484 2137 500 2178 a
519 2117 660 2180 Nobiliss.
681 2119 733 2180 Dn.
753 2119 932 2183 Hainhosero
951 2125 1024 2185 mihi
1043 2128 1112 2188 suh-

84 2209 195 2266 missas
216 2207 344 2267 traiioio.
382 2205 460 2278 Quid
475 2209 507 2268 in
521 2206 612 2269 huius
626 2212 745 2289 negotio
760 2213 873 2272 ratione
889 2212 958 2273 mali
972 2218 1109 2301 nominis,

85 2294 166 2375 quod
196 2294 274 2374 apud
299 2294 414 2357 Sebast.
435 2315 451 2358 a
469 2296 620 2361 Perbandt
647 2300 790 2362 hactenus
813 2301 928 2385 habuit,
956 2302 1109 2390 laboraris,

85 2382 269 2466 exploraris,
297 2387 410 2469 egeris,
439 2391 608 2472 peregeris,
637 2390 827 2452 vehementer
855 2395 931 2454 selre
960 2394 1106 2460 desidero.

83 2472 254 2553 Altorphini
278 2476 337 2555 tui,
361 2476 441 2556 quod
466 2480 572 2562 sclam,
596 2480 694 2541 valent
718 2500 833 2564 omnes3
861 2485 892 2544 iu
916 2483 979 2545 dies
1002 2484 1104 2550 literas

84 2568 210 2643 expecto
232 2582 248 2624 a
267 2562 342 2626 Nob.
362 2574 393 2627 et
410 2567 506 2649 Ampl.
525 2569 578 2631 Du.
599 2569 630 2631 D.
650 2571 742 2632 Remo
761 2581 872 2657 nostro,
897 2594 971 2657 quae
991 2579 1017 2639 si
1035 2582 1103 2642 novi

83 2651 156 2732 quid
184 2651 322 2737 tulerint,
349 2656 456 2720 faeiem
485 2660 515 2721 id
545 2680 662 2742 quoque
692 2666 781 2746 scias,
808 2665 896 2727 modo
920 2667 956 2729 ad
979 2668 1032 2729 has
1054 2689 1102 2732 re-

83 2741 250 2822 sponderis.
288 2744 423 2811 Salutant
442 2750 483 2812 Te
503 2750 614 2831 Copius
634 2763 664 2815 et
681 2753 812 2817 Nochius
831 2760 935 2841 nostri,
955 2762 1006 2840 qui
1024 2759 1100 2824 bene

81 2830 201 2893 habeut.
248 2832 310 2914 Ego
339 2857 456 2920 quoque
486 2841 600 2903 salvere
629 2851 659 2906 et
686 2844 783 2908 ualere
807 2847 847 2908 Te
876 2852 963 2911 unice
991 2860 1097 2930 exopto

81 2928 111 2981 et
133 2920 212 2982 'luas
235 2931 454 3009 quamprimum
478 2940 610 3013 experto.

126 3063 299 3153 llantisci,
323 3072 349 3135 d.
370 3071 421 3140 28.
441 3076 596 3141 Decembr.
616 3099 640 3141 a.
662 3077 755 3143 1624.

265 3213 345 3281 Tuus
370 3222 488 3304 qualem
511 3227 592 3286 nosti
614 3224 837 3288 Hermauuus
861 3227 1047 3311 Tedering.
