<?xml version="1.0" encoding="UTF-8"?>
<!DOCTYPE html PUBLIC "-//W3C//DTD XHTML 1.0 Transitional//EN"
    "http://www.w3.org/TR/xhtml1/DTD/xhtml1-transitional.dtd">
<html xmlns="http://www.w3.org/1999/xhtml" xml:lang="en" lang="en">
 <head>
  <title>
</title>
<meta http-equiv="Content-Type" content="text/html;charset=utf-8" />
  <meta name='ocr-system' content='tesseract 3.04.00' />
  <meta name='ocr-capabilities' content='ocr_page ocr_carea ocr_par ocr_line ocrx_word'/>
</head>
<body>
  <div class='ocr_page' id='page_1' title='image "./virorumclarorum00thedgoog_0136.png"; bbox 0 0 2400 3966; ppageno 0'>
   <div class='ocr_carea' id='block_1_1' title="bbox 532 194 1110 267">
    <p class='ocr_par' dir='ltr' id='par_1_1' title="bbox 532 194 1110 267">
     <span class='ocr_line' id='line_1_1' title="bbox 532 194 1110 267; baseline -0.012 -15"><span class='ocrx_word' id='word_1_1' title='bbox 532 194 669 267; x_wconf 77' lang='lat' dir='ltr'><strong>epistolae</strong></span> <span class='ocrx_word' id='word_1_2' title='bbox 1047 198 1110 264; x_wconf 77' lang='lat'><strong>117</strong></span> 
     </span>
    </p>
   </div>
   <div class='ocr_carea' id='block_1_2' title="bbox 85 340 1111 489">
    <p class='ocr_par' dir='ltr' id='par_1_2' title="bbox 85 340 1111 489">
     <span class='ocr_line' id='line_1_2' title="bbox 174 340 964 444; baseline 0.001 -34"><span class='ocrx_word' id='word_1_3' title='bbox 174 432 181 444; x_wconf 24' lang='lat'><strong>⁹</strong></span> <span class='ocrx_word' id='word_1_4' title='bbox 235 341 286 442; x_wconf 62' lang='lat' dir='ltr'><strong>dl.</strong></span> <span class='ocrx_word' id='word_1_5' title='bbox 319 342 359 410; x_wconf 75' lang='lat' dir='ltr'><strong>H.</strong></span> <span class='ocrx_word' id='word_1_6' title='bbox 383 340 615 429; x_wconf 76' lang='lat' dir='ltr'><strong>uhedenngus</strong></span> <span class='ocrx_word' id='word_1_7' title='bbox 638 341 706 409; x_wconf 86' lang='lat' dir='ltr'><strong>Nic.</strong></span> <span class='ocrx_word' id='word_1_8' title='bbox 728 342 964 411; x_wconf 84' lang='lat' dir='ltr'><strong>Rittershusio.</strong></span> 
     </span>
     <span class='ocr_line' id='line_1_3' title="bbox 85 429 1111 489; baseline 0 -1"><span class='ocrx_word' id='word_1_9' title='bbox 85 434 254 489; x_wconf 79' lang='lat' dir='ltr'><strong>Dantlsor.</strong></span> <span class='ocrx_word' id='word_1_10' title='bbox 897 436 940 485; x_wconf 77' lang='lat'><strong>23.</strong></span> <span class='ocrx_word' id='word_1_11' title='bbox 960 429 1011 487; x_wconf 91' lang='lat' dir='ltr'><strong>Iul.</strong></span> <span class='ocrx_word' id='word_1_12' title='bbox 1032 437 1111 488; x_wconf 79' lang='lat'><strong>1624.</strong></span> 
     </span>
    </p>
   </div>
   <div class='ocr_carea' id='block_1_3' title="bbox 43 523 1160 3378">
    <p class='ocr_par' dir='ltr' id='par_1_3' title="bbox 143 523 918 605">
     <span class='ocr_line' id='line_1_4' title="bbox 143 523 918 605; baseline -0.006 -14"><span class='ocrx_word' id='word_1_13' title='bbox 143 578 150 591; x_wconf 90' lang='lat'><strong><em>.</em></strong></span> <span class='ocrx_word' id='word_1_14' title='bbox 167 577 174 591; x_wconf 89' lang='lat'><strong>.</strong></span> <span class='ocrx_word' id='word_1_15' title='bbox 189 527 261 590; x_wconf 85' lang='lat' dir='ltr'><strong>Nic.</strong></span> <span class='ocrx_word' id='word_1_16' title='bbox 276 523 486 587; x_wconf 89' lang='lat' dir='ltr'><strong>Rittershusio</strong></span> <span class='ocrx_word' id='word_1_17' title='bbox 502 523 522 584; x_wconf 90' lang='lat'><strong>1.</strong></span> <span class='ocrx_word' id='word_1_18' title='bbox 532 523 563 585; x_wconf 90' lang='lat' dir='ltr'><strong>V.</strong></span> <span class='ocrx_word' id='word_1_19' title='bbox 578 524 609 585; x_wconf 84' lang='lat' dir='ltr'><strong>C.</strong></span> <span class='ocrx_word' id='word_1_20' title='bbox 625 572 631 585; x_wconf 93' lang='lat'>.</span> <span class='ocrx_word' id='word_1_21' title='bbox 647 572 654 584; x_wconf 92' lang='lat'><strong>.</strong></span> <span class='ocrx_word' id='word_1_22' title='bbox 669 523 874 605; x_wconf 82' lang='lat' dir='ltr'><strong>Koenigsberg</strong></span> <span class='ocrx_word' id='word_1_23' title='bbox 889 574 895 586; x_wconf 89' lang='lat'><strong>.</strong></span> <span class='ocrx_word' id='word_1_24' title='bbox 912 574 918 586; x_wconf 92' lang='lat'><em>.</em></span> 
     </span>
    </p>

    <p class='ocr_par' dir='ltr' id='par_1_4' title="bbox 43 612 1160 3378">
     <span class='ocr_line' id='line_1_5' title="bbox 144 612 1111 696; baseline -0.005 -16"><span class='ocrx_word' id='word_1_25' title='bbox 144 619 174 680; x_wconf 91' lang='lat' dir='ltr'><strong>S.</strong></span> <span class='ocrx_word' id='word_1_26' title='bbox 184 617 348 678; x_wconf 85' lang='lat' dir='ltr'><strong>Bimestrc</strong></span> <span class='ocrx_word' id='word_1_27' title='bbox 363 612 499 694; x_wconf 89' lang='lat' dir='ltr'><strong>elapsum</strong></span> <span class='ocrx_word' id='word_1_28' title='bbox 510 621 564 695; x_wconf 89' lang='lat' dir='ltr'><strong>est,</strong></span> <span class='ocrx_word' id='word_1_29' title='bbox 578 632 614 674; x_wconf 81' lang='lat' dir='ltr'><strong>ex</strong></span> <span class='ocrx_word' id='word_1_30' title='bbox 626 632 684 692; x_wconf 92' lang='lat' dir='ltr'><strong>quo</strong></span> <span class='ocrx_word' id='word_1_31' title='bbox 695 613 730 674; x_wconf 90' lang='lat' dir='ltr'><strong>ad</strong></span> <span class='ocrx_word' id='word_1_32' title='bbox 741 614 782 674; x_wconf 85' lang='lat' dir='ltr'><strong>Te</strong></span> <span class='ocrx_word' id='word_1_33' title='bbox 792 633 852 675; x_wconf 91' lang='lat' dir='ltr'><strong>non</strong></span> <span class='ocrx_word' id='word_1_34' title='bbox 863 615 941 696; x_wconf 91' lang='lat' dir='ltr'><strong>dedi,</strong></span> <span class='ocrx_word' id='word_1_35' title='bbox 954 614 1111 676; x_wconf 90' lang='lat' dir='ltr'><strong>Praestan-</strong></span> 
     </span>
     <span class='ocr_line' id='line_1_6' title="bbox 85 701 1112 785; baseline -0.006 -14"><span class='ocrx_word' id='word_1_36' title='bbox 85 711 196 770; x_wconf 84' lang='lat' dir='ltr'><strong>tissime</strong></span> <span class='ocrx_word' id='word_1_37' title='bbox 211 706 272 767; x_wconf 90' lang='lat' dir='ltr'><strong>Dn.</strong></span> <span class='ocrx_word' id='word_1_38' title='bbox 288 701 423 785; x_wconf 89' lang='lat' dir='ltr'><strong>Nicolae,</strong></span> <span class='ocrx_word' id='word_1_39' title='bbox 443 705 536 763; x_wconf 86' lang='lat' dir='ltr'><strong>amice</strong></span> <span class='ocrx_word' id='word_1_40' title='bbox 555 705 694 783; x_wconf 89' lang='lat' dir='ltr'><strong>inprimis</strong></span> <span class='ocrx_word' id='word_1_41' title='bbox 713 703 829 764; x_wconf 86' lang='lat' dir='ltr'><strong>dilecte.</strong></span> <span class='ocrx_word' id='word_1_42' title='bbox 860 704 985 766; x_wconf 82' lang='lat' dir='ltr'><strong>Causam</strong></span> <span class='ocrx_word' id='word_1_43' title='bbox 1000 705 1112 765; x_wconf 91' lang='lat' dir='ltr'><strong>silentii</strong></span> 
     </span>
     <span class='ocr_line' id='line_1_7' title="bbox 85 793 1111 874; baseline -0.005 -14"><span class='ocrx_word' id='word_1_44' title='bbox 85 800 167 860; x_wconf 77' lang='lat' dir='ltr'><strong>ntius</strong></span> <span class='ocrx_word' id='word_1_45' title='bbox 182 799 220 857; x_wconf 91' lang='lat' dir='ltr'><strong>in</strong></span> <span class='ocrx_word' id='word_1_46' title='bbox 230 795 276 856; x_wconf 85' lang='lat' dir='ltr'><strong>Te</strong></span> <span class='ocrx_word' id='word_1_47' title='bbox 293 795 405 854; x_wconf 87' lang='lat' dir='ltr'><strong>merito</strong></span> <span class='ocrx_word' id='word_1_48' title='bbox 419 793 535 874; x_wconf 88' lang='lat' dir='ltr'><strong>reiicio,</strong></span> <span class='ocrx_word' id='word_1_49' title='bbox 548 794 600 871; x_wconf 88' lang='lat' dir='ltr'><strong>qui</strong></span> <span class='ocrx_word' id='word_1_50' title='bbox 614 810 651 853; x_wconf 92' lang='lat' dir='ltr'><strong>ne</strong></span> <span class='ocrx_word' id='word_1_51' title='bbox 667 794 821 853; x_wconf 81' lang='lat' dir='ltr'><strong>occasione</strong></span> <span class='ocrx_word' id='word_1_52' title='bbox 835 794 955 873; x_wconf 91' lang='lat' dir='ltr'><strong>quidem</strong></span> <span class='ocrx_word' id='word_1_53' title='bbox 966 794 1111 855; x_wconf 89' lang='lat' dir='ltr'><strong>nundina-</strong></span> 
     </span>
     <span class='ocr_line' id='line_1_8' title="bbox 85 881 1110 966; baseline -0.005 -18"><span class='ocrx_word' id='word_1_54' title='bbox 85 906 146 949; x_wconf 88' lang='lat' dir='ltr'><strong>mm</strong></span> <span class='ocrx_word' id='word_1_55' title='bbox 163 886 353 946; x_wconf 87' lang='lat' dir='ltr'><strong>Vestrarum</strong></span> <span class='ocrx_word' id='word_1_56' title='bbox 375 882 515 961; x_wconf 85' lang='lat' dir='ltr'><strong>responsi</strong></span> <span class='ocrx_word' id='word_1_57' title='bbox 537 881 698 961; x_wconf 82' lang='lat' dir='ltr'><strong>quidquam</strong></span> <span class='ocrx_word' id='word_1_58' title='bbox 722 882 757 942; x_wconf 91' lang='lat' dir='ltr'><strong>ad</strong></span> <span class='ocrx_word' id='word_1_59' title='bbox 782 901 863 943; x_wconf 91' lang='lat' dir='ltr'><strong>meas</strong></span> <span class='ocrx_word' id='word_1_60' title='bbox 887 883 1005 966; x_wconf 87' lang='lat' dir='ltr'><strong>dedisti,</strong></span> <span class='ocrx_word' id='word_1_61' title='bbox 1032 883 1110 964; x_wconf 91' lang='lat' dir='ltr'><strong>quod</strong></span> 
     </span>
     <span class='ocr_line' id='line_1_9' title="bbox 84 969 1110 1055; baseline -0.004 -17"><span class='ocrx_word' id='word_1_62' title='bbox 84 979 212 1038; x_wconf 83' lang='lat' dir='ltr'><strong>maxime</strong></span> <span class='ocrx_word' id='word_1_63' title='bbox 223 979 420 1053; x_wconf 77' lang='lat' dir='ltr'><strong>expectarem</strong></span> <span class='ocrx_word' id='word_1_64' title='bbox 430 977 460 1031; x_wconf 90' lang='lat' dir='ltr'><strong>ct</strong></span> <span class='ocrx_word' id='word_1_65' title='bbox 470 969 679 1032; x_wconf 86' lang='lat' dir='ltr'><strong>desideraram.</strong></span> <span class='ocrx_word' id='word_1_66' title='bbox 699 971 776 1042; x_wconf 83' lang='lat' dir='ltr'><strong>Quid</strong></span> <span class='ocrx_word' id='word_1_67' title='bbox 787 980 853 1033; x_wconf 89' lang='lat' dir='ltr'><strong>tuas</strong></span> <span class='ocrx_word' id='word_1_68' title='bbox 864 982 1041 1055; x_wconf 90' lang='lat' dir='ltr'><strong>remoretur,</strong></span> <span class='ocrx_word' id='word_1_69' title='bbox 1049 992 1110 1034; x_wconf 91' lang='lat' dir='ltr'><strong>uon</strong></span> 
     </span>
     <span class='ocr_line' id='line_1_10' title="bbox 85 1059 1111 1141; baseline -0.006 -13"><span class='ocrx_word' id='word_1_70' title='bbox 85 1065 149 1128; x_wconf 82' lang='lat' dir='ltr'><strong>licet</strong></span> <span class='ocrx_word' id='word_1_71' title='bbox 163 1065 337 1127; x_wconf 87' lang='lat' dir='ltr'><strong>coniiocrc.</strong></span> <span class='ocrx_word' id='word_1_72' title='bbox 360 1059 491 1121; x_wconf 82' lang='lat' dir='ltr'><strong>Uxorem</strong></span> <span class='ocrx_word' id='word_1_73' title='bbox 501 1059 543 1121; x_wconf 87' lang='lat' dir='ltr'><strong>Te</strong></span> <span class='ocrx_word' id='word_1_74' title='bbox 558 1060 679 1121; x_wconf 85' lang='lat' dir='ltr'><strong>duxisse</strong></span> <span class='ocrx_word' id='word_1_75' title='bbox 694 1079 753 1120; x_wconf 92' lang='lat' dir='ltr'><strong>non</strong></span> <span class='ocrx_word' id='word_1_76' title='bbox 763 1069 848 1141; x_wconf 79' lang='lat' dir='ltr'><strong>put03</strong></span> <span class='ocrx_word' id='word_1_77' title='bbox 863 1065 1021 1123; x_wconf 82' lang='lat' dir='ltr'><strong>invitasses</strong></span> <span class='ocrx_word' id='word_1_78' title='bbox 1030 1066 1111 1124; x_wconf 90' lang='lat' dir='ltr'><strong>enim</strong></span> 
     </span>
     <span class='ocr_line' id='line_1_11' title="bbox 85 1149 1112 1235; baseline -0.007 -18"><span class='ocrx_word' id='word_1_79' title='bbox 85 1154 187 1235; x_wconf 85' lang='lat' dir='ltr'><strong>procul</strong></span> <span class='ocrx_word' id='word_1_80' title='bbox 212 1150 310 1214; x_wconf 86' lang='lat' dir='ltr'><strong>dubio</strong></span> <span class='ocrx_word' id='word_1_81' title='bbox 335 1152 448 1211; x_wconf 90' lang='lat' dir='ltr'><strong>amicos</strong></span> <span class='ocrx_word' id='word_1_82' title='bbox 470 1157 552 1230; x_wconf 89' lang='lat' dir='ltr'><strong>tuos,</strong></span> <span class='ocrx_word' id='word_1_83' title='bbox 581 1168 655 1229; x_wconf 88' lang='lat' dir='ltr'><strong>quos</strong></span> <span class='ocrx_word' id='word_1_84' title='bbox 678 1149 727 1210; x_wconf 92' lang='lat' dir='ltr'><strong>hic</strong></span> <span class='ocrx_word' id='word_1_85' title='bbox 750 1150 856 1232; x_wconf 90' lang='lat' dir='ltr'><strong>habes,</strong></span> <span class='ocrx_word' id='word_1_86' title='bbox 879 1151 915 1212; x_wconf 93' lang='lat' dir='ltr'><strong>ad</strong></span> <span class='ocrx_word' id='word_1_87' title='bbox 939 1154 1112 1229; x_wconf 91' lang='lat' dir='ltr'><strong>nuptiarum</strong></span> 
     </span>
     <span class='ocr_line' id='line_1_12' title="bbox 43 1238 1111 1320; baseline -0.003 -18"><span class='ocrx_word' id='word_1_88' title='bbox 43 1242 45 1291; x_wconf 73' lang='grc' dir='ltr'>Ι</span> <span class='ocrx_word' id='word_1_89' title='bbox 87 1244 230 1306; x_wconf 65' lang='lat' dir='ltr'><strong>sotem</strong></span> <span class='ocrx_word' id='word_1_90' title='bbox 272 1241 434 1318; x_wconf 79' lang='lat' dir='ltr'><strong>Aegrotare</strong></span> <span class='ocrx_word' id='word_1_91' title='bbox 453 1238 495 1299; x_wconf 87' lang='lat' dir='ltr'><strong>Tc</strong></span> <span class='ocrx_word' id='word_1_92' title='bbox 518 1257 579 1298; x_wconf 92' lang='lat' dir='ltr'><strong>non</strong></span> <span class='ocrx_word' id='word_1_93' title='bbox 603 1257 700 1320; x_wconf 89' lang='lat' dir='ltr'><strong>spero,</strong></span> <span class='ocrx_word' id='word_1_94' title='bbox 724 1243 775 1318; x_wconf 89' lang='lat' dir='ltr'><strong>qui</strong></span> <span class='ocrx_word' id='word_1_95' title='bbox 795 1243 942 1319; x_wconf 91' lang='lat' dir='ltr'><strong>superatis</strong></span> <span class='ocrx_word' id='word_1_96' title='bbox 962 1246 1005 1299; x_wconf 92' lang='lat' dir='ltr'><strong>tot</strong></span> <span class='ocrx_word' id='word_1_97' title='bbox 1023 1240 1111 1300; x_wconf 90' lang='lat' dir='ltr'><strong>itine-</strong></span> 
     </span>
     <span class='ocr_line' id='line_1_13' title="bbox 87 1328 1111 1410; baseline -0.007 -15"><span class='ocrx_word' id='word_1_98' title='bbox 87 1352 149 1395; x_wconf 89' lang='lat' dir='ltr'><strong>rum</strong></span> <span class='ocrx_word' id='word_1_99' title='bbox 172 1329 330 1394; x_wconf 87' lang='lat' dir='ltr'><strong>molestiis</strong></span> <span class='ocrx_word' id='word_1_100' title='bbox 354 1328 433 1389; x_wconf 85' lang='lat' dir='ltr'><strong>seme</strong></span> <span class='ocrx_word' id='word_1_101' title='bbox 458 1330 556 1389; x_wconf 91' lang='lat' dir='ltr'><strong>omnia</strong></span> <span class='ocrx_word' id='word_1_102' title='bbox 580 1336 611 1388; x_wconf 88' lang='lat' dir='ltr'><strong>et</strong></span> <span class='ocrx_word' id='word_1_103' title='bbox 632 1328 775 1410; x_wconf 85' lang='lat' dir='ltr'><strong>perterre,</strong></span> <span class='ocrx_word' id='word_1_104' title='bbox 798 1331 888 1389; x_wconf 91' lang='lat' dir='ltr'><strong>immo</strong></span> <span class='ocrx_word' id='word_1_105' title='bbox 911 1335 941 1389; x_wconf 90' lang='lat' dir='ltr'><strong>et</strong></span> <span class='ocrx_word' id='word_1_106' title='bbox 960 1346 1111 1408; x_wconf 90' lang='lat' dir='ltr'><strong>superare,</strong></span> 
     </span>
     <span class='ocr_line' id='line_1_14' title="bbox 88 1416 1111 1502; baseline -0.005 -20"><span class='ocrx_word' id='word_1_107' title='bbox 88 1441 159 1502; x_wconf 87' lang='lat' dir='ltr'><strong>quae</strong></span> <span class='ocrx_word' id='word_1_108' title='bbox 189 1421 321 1482; x_wconf 85' lang='lat' dir='ltr'><strong>adversa</strong></span> <span class='ocrx_word' id='word_1_109' title='bbox 347 1418 461 1478; x_wconf 91' lang='lat' dir='ltr'><strong>homiui</strong></span> <span class='ocrx_word' id='word_1_110' title='bbox 485 1418 621 1480; x_wconf 86' lang='lat' dir='ltr'><strong>accidere</strong></span> <span class='ocrx_word' id='word_1_111' title='bbox 645 1426 784 1499; x_wconf 83' lang='lat' dir='ltr'><strong>possunt,</strong></span> <span class='ocrx_word' id='word_1_112' title='bbox 812 1420 894 1478; x_wconf 90' lang='lat' dir='ltr'><strong>succi</strong></span> <span class='ocrx_word' id='word_1_113' title='bbox 917 1420 981 1497; x_wconf 90' lang='lat' dir='ltr'><strong>ipse</strong></span> <span class='ocrx_word' id='word_1_114' title='bbox 1004 1416 1111 1495; x_wconf 88' lang='lat' dir='ltr'><strong>plenus</strong></span> 
     </span>
     <span class='ocr_line' id='line_1_15' title="bbox 89 1505 1111 1587; baseline -0.007 -14"><span class='ocrx_word' id='word_1_115' title='bbox 89 1511 232 1573; x_wconf 75' lang='lat' dir='ltr'><strong>didicisti</strong></span> <span class='ocrx_word' id='word_1_116' title='bbox 271 1507 335 1568; x_wconf 89' lang='lat' dir='ltr'><strong>Nec</strong></span> <span class='ocrx_word' id='word_1_117' title='bbox 349 1505 443 1567; x_wconf 88' lang='lat' dir='ltr'><strong>Musis</strong></span> <span class='ocrx_word' id='word_1_118' title='bbox 456 1506 497 1567; x_wconf 88' lang='lat' dir='ltr'><strong>Te</strong></span> <span class='ocrx_word' id='word_1_119' title='bbox 517 1507 590 1569; x_wconf 89' lang='lat' dir='ltr'><strong>adeo</strong></span> <span class='ocrx_word' id='word_1_120' title='bbox 610 1509 804 1568; x_wconf 88' lang='lat' dir='ltr'><strong>immortuum</strong></span> <span class='ocrx_word' id='word_1_121' title='bbox 821 1514 904 1587; x_wconf 91' lang='lat' dir='ltr'><strong>puto,</strong></span> <span class='ocrx_word' id='word_1_122' title='bbox 922 1513 955 1567; x_wconf 89' lang='lat' dir='ltr'><strong>ut</strong></span> <span class='ocrx_word' id='word_1_123' title='bbox 971 1524 1111 1566; x_wconf 85' lang='lat' dir='ltr'><strong>revocare</strong></span> 
     </span>
     <span class='ocr_line' id='line_1_16' title="bbox 90 1595 1110 1680; baseline -0.006 -18"><span class='ocrx_word' id='word_1_124' title='bbox 90 1601 214 1680; x_wconf 78' lang='lat' dir='ltr'><strong>gradum</strong></span> <span class='ocrx_word' id='word_1_125' title='bbox 253 1604 285 1658; x_wconf 88' lang='lat' dir='ltr'><strong>et</strong></span> <span class='ocrx_word' id='word_1_126' title='bbox 321 1596 358 1656; x_wconf 90' lang='lat' dir='ltr'><strong>ad</strong></span> <span class='ocrx_word' id='word_1_127' title='bbox 396 1595 563 1657; x_wconf 90' lang='lat' dir='ltr'><strong>litterarum</strong></span> <span class='ocrx_word' id='word_1_128' title='bbox 602 1599 816 1675; x_wconf 88' lang='lat' dir='ltr'><strong>promissarum</strong></span> <span class='ocrx_word' id='word_1_129' title='bbox 849 1597 980 1657; x_wconf 82' lang='lat' dir='ltr'><strong>osticium</strong></span> <span class='ocrx_word' id='word_1_130' title='bbox 1012 1595 1110 1656; x_wconf 89' lang='lat' dir='ltr'><strong>redire</strong></span> 
     </span>
     <span class='ocr_line' id='line_1_17' title="bbox 91 1685 1110 1770; baseline -0.006 -18"><span class='ocrx_word' id='word_1_131' title='bbox 91 1707 231 1770; x_wconf 85' lang='lat' dir='ltr'><strong>nequeas.</strong></span> <span class='ocrx_word' id='word_1_132' title='bbox 284 1685 389 1746; x_wconf 83' lang='lat' dir='ltr'><strong>Restat</strong></span> <span class='ocrx_word' id='word_1_133' title='bbox 417 1703 488 1765; x_wconf 83' lang='lat' dir='ltr'><strong>ergo</strong></span> <span class='ocrx_word' id='word_1_134' title='bbox 516 1688 685 1747; x_wconf 81' lang='lat' dir='ltr'><strong>existimem</strong></span> <span class='ocrx_word' id='word_1_135' title='bbox 712 1687 753 1747; x_wconf 86' lang='lat' dir='ltr'><strong>Te</strong></span> <span class='ocrx_word' id='word_1_136' title='bbox 781 1689 846 1747; x_wconf 91' lang='lat' dir='ltr'><strong>ruri</strong></span> <span class='ocrx_word' id='word_1_137' title='bbox 873 1689 952 1748; x_wconf 90' lang='lat' dir='ltr'><strong>inter</strong></span> <span class='ocrx_word' id='word_1_138' title='bbox 980 1687 1110 1747; x_wconf 91' lang='lat' dir='ltr'><strong>amoeni-</strong></span> 
     </span>
     <span class='ocr_line' id='line_1_18' title="bbox 92 1775 1112 1856; baseline -0.006 -16"><span class='ocrx_word' id='word_1_139' title='bbox 92 1787 165 1840; x_wconf 84' lang='lat' dir='ltr'><strong>tates</strong></span> <span class='ocrx_word' id='word_1_140' title='bbox 193 1782 296 1838; x_wconf 89' lang='lat' dir='ltr'><strong>tantas</strong></span> <span class='ocrx_word' id='word_1_141' title='bbox 323 1777 448 1856; x_wconf 89' lang='lat' dir='ltr'><strong>versari,</strong></span> <span class='ocrx_word' id='word_1_142' title='bbox 477 1794 552 1854; x_wconf 84' lang='lat' dir='ltr'><strong>quae</strong></span> <span class='ocrx_word' id='word_1_143' title='bbox 580 1778 678 1836; x_wconf 91' lang='lat' dir='ltr'><strong>nostri</strong></span> <span class='ocrx_word' id='word_1_144' title='bbox 705 1775 746 1836; x_wconf 87' lang='lat' dir='ltr'><strong>Tc</strong></span> <span class='ocrx_word' id='word_1_145' title='bbox 776 1776 811 1837; x_wconf 95' lang='lat' dir='ltr'><strong>ad</strong></span> <span class='ocrx_word' id='word_1_146' title='bbox 839 1784 958 1856; x_wconf 88' lang='lat' dir='ltr'><strong>tempus</strong></span> <span class='ocrx_word' id='word_1_147' title='bbox 986 1775 1112 1836; x_wconf 90' lang='lat' dir='ltr'><strong>reddant</strong></span> 
     </span>
     <span class='ocr_line' id='line_1_19' title="bbox 93 1863 1111 1947; baseline -0.006 -17"><span class='ocrx_word' id='word_1_148' title='bbox 93 1871 309 1930; x_wconf 87' lang='lat' dir='ltr'><strong>immemorem.</strong></span> <span class='ocrx_word' id='word_1_149' title='bbox 355 1863 413 1925; x_wconf 88' lang='lat' dir='ltr'><strong>Sed</strong></span> <span class='ocrx_word' id='word_1_150' title='bbox 441 1871 474 1925; x_wconf 92' lang='lat' dir='ltr'><strong>ut</strong></span> <span class='ocrx_word' id='word_1_151' title='bbox 501 1864 567 1926; x_wconf 87' lang='lat' dir='ltr'><strong>illas</strong></span> <span class='ocrx_word' id='word_1_152' title='bbox 593 1865 661 1925; x_wconf 84' lang='lat' dir='ltr'><strong>Tibi</strong></span> <span class='ocrx_word' id='word_1_153' title='bbox 689 1883 749 1925; x_wconf 91' lang='lat' dir='ltr'><strong>non</strong></span> <span class='ocrx_word' id='word_1_154' title='bbox 776 1867 909 1947; x_wconf 84' lang='lat' dir='ltr'><strong>invideo,</strong></span> <span class='ocrx_word' id='word_1_155' title='bbox 937 1867 977 1925; x_wconf 90' lang='lat' dir='ltr'><strong>ita</strong></span> <span class='ocrx_word' id='word_1_156' title='bbox 1005 1863 1111 1925; x_wconf 92' lang='lat' dir='ltr'><strong>vellem</strong></span> 
     </span>
     <span class='ocr_line' id='line_1_20' title="bbox 95 1955 1110 2035; baseline -0.006 -16"><span class='ocrx_word' id='word_1_157' title='bbox 95 1956 244 2019; x_wconf 84' lang='lat' dir='ltr'><strong>tantillum</strong></span> <span class='ocrx_word' id='word_1_158' title='bbox 267 1955 411 2033; x_wconf 87' lang='lat' dir='ltr'><strong>temporis</strong></span> <span class='ocrx_word' id='word_1_159' title='bbox 435 1956 538 2014; x_wconf 88' lang='lat' dir='ltr'><strong>amicis</strong></span> <span class='ocrx_word' id='word_1_160' title='bbox 561 1955 760 2035; x_wconf 87' lang='lat' dir='ltr'><strong>impenderes,</strong></span> <span class='ocrx_word' id='word_1_161' title='bbox 784 1974 842 2035; x_wconf 89' lang='lat' dir='ltr'><strong>quo</strong></span> <span class='ocrx_word' id='word_1_162' title='bbox 861 1957 937 2016; x_wconf 87' lang='lat' dir='ltr'><strong>votis</strong></span> <span class='ocrx_word' id='word_1_163' title='bbox 957 1961 987 2015; x_wconf 89' lang='lat' dir='ltr'><strong>et</strong></span> <span class='ocrx_word' id='word_1_164' title='bbox 1005 1972 1110 2033; x_wconf 84' lang='lat' dir='ltr'><strong>expec-</strong></span> 
     </span>
     <span class='ocr_line' id='line_1_21' title="bbox 94 2041 1110 2123; baseline -0.006 -16"><span class='ocrx_word' id='word_1_165' title='bbox 94 2048 197 2107; x_wconf 88' lang='lat' dir='ltr'><strong>tationi</strong></span> <span class='ocrx_word' id='word_1_166' title='bbox 228 2046 363 2122; x_wconf 90' lang='lat' dir='ltr'><strong>ipsorum</strong></span> <span class='ocrx_word' id='word_1_167' title='bbox 391 2044 556 2104; x_wconf 88' lang='lat' dir='ltr'><strong>satisfieret.</strong></span> <span class='ocrx_word' id='word_1_168' title='bbox 609 2043 679 2105; x_wconf 89' lang='lat' dir='ltr'><strong>Scin</strong></span> <span class='ocrx_word' id='word_1_169' title='bbox 708 2045 779 2123; x_wconf 87' lang='lat' dir='ltr'><strong>quid</strong></span> <span class='ocrx_word' id='word_1_170' title='bbox 807 2041 925 2105; x_wconf 76' lang='lat' dir='ltr'><strong>dicam?</strong></span> <span class='ocrx_word' id='word_1_171' title='bbox 970 2041 1110 2102; x_wconf 82' lang='lat' dir='ltr'><strong>Nobiliss.</strong></span> 
     </span>
     <span class='ocr_line' id='line_1_22' title="bbox 95 2132 1109 2214; baseline -0.009 -17"><span class='ocrx_word' id='word_1_172' title='bbox 95 2134 145 2197; x_wconf 80' lang='lat' dir='ltr'><strong>Dm</strong></span> <span class='ocrx_word' id='word_1_173' title='bbox 163 2133 341 2196; x_wconf 85' lang='lat' dir='ltr'><strong>Hainhoieri</strong></span> <span class='ocrx_word' id='word_1_174' title='bbox 363 2135 516 2211; x_wconf 82' lang='lat' dir='ltr'><strong>negotium</strong></span> <span class='ocrx_word' id='word_1_175' title='bbox 538 2151 646 2212; x_wconf 84' lang='lat' dir='ltr'><strong>urgere</strong></span> <span class='ocrx_word' id='word_1_176' title='bbox 670 2135 711 2195; x_wconf 91' lang='lat' dir='ltr'><strong>Te</strong></span> <span class='ocrx_word' id='word_1_177' title='bbox 735 2134 837 2214; x_wconf 89' lang='lat' dir='ltr'><strong>velim,</strong></span> <span class='ocrx_word' id='word_1_178' title='bbox 863 2135 889 2192; x_wconf 91' lang='lat' dir='ltr'><strong>si</strong></span> <span class='ocrx_word' id='word_1_179' title='bbox 912 2132 978 2190; x_wconf 89' lang='lat' dir='ltr'><strong>fieri</strong></span> <span class='ocrx_word' id='word_1_180' title='bbox 1000 2132 1109 2210; x_wconf 87' lang='lat' dir='ltr'><strong>possit;</strong></span> 
     </span>
     <span class='ocr_line' id='line_1_23' title="bbox 96 2220 1110 2304; baseline -0.01 -18"><span class='ocrx_word' id='word_1_181' title='bbox 96 2227 215 2304; x_wconf 85' lang='lat' dir='ltr'><strong>saepius</strong></span> <span class='ocrx_word' id='word_1_182' title='bbox 242 2224 322 2283; x_wconf 90' lang='lat' dir='ltr'><strong>enim</strong></span> <span class='ocrx_word' id='word_1_183' title='bbox 350 2221 406 2283; x_wconf 90' lang='lat' dir='ltr'><strong>hoc</strong></span> <span class='ocrx_word' id='word_1_184' title='bbox 434 2226 553 2284; x_wconf 90' lang='lat' dir='ltr'><strong>nomine</strong></span> <span class='ocrx_word' id='word_1_185' title='bbox 584 2222 620 2283; x_wconf 83' lang='lat' dir='ltr'><strong>ab</strong></span> <span class='ocrx_word' id='word_1_186' title='bbox 644 2226 710 2303; x_wconf 91' lang='lat' dir='ltr'><strong>ipso</strong></span> <span class='ocrx_word' id='word_1_187' title='bbox 733 2221 921 2301; x_wconf 82' lang='lat' dir='ltr'><strong>interpeller,</strong></span> <span class='ocrx_word' id='word_1_188' title='bbox 949 2220 998 2278; x_wconf 92' lang='lat' dir='ltr'><strong>cui</strong></span> <span class='ocrx_word' id='word_1_189' title='bbox 1021 2220 1110 2277; x_wconf 90' lang='lat' dir='ltr'><strong>etiam</strong></span> 
     </span>
     <span class='ocr_line' id='line_1_24' title="bbox 96 2305 1109 2394; baseline -0.01 -19"><span class='ocrx_word' id='word_1_190' title='bbox 96 2332 177 2394; x_wconf 83' lang='lat' dir='ltr'><strong>spem</strong></span> <span class='ocrx_word' id='word_1_191' title='bbox 206 2318 319 2373; x_wconf 86' lang='lat' dir='ltr'><strong>certam</strong></span> <span class='ocrx_word' id='word_1_192' title='bbox 345 2312 403 2372; x_wconf 86' lang='lat' dir='ltr'><strong>ieci</strong></span> <span class='ocrx_word' id='word_1_193' title='bbox 431 2330 478 2373; x_wconf 85' lang='lat' dir='ltr'><strong>me</strong></span> <span class='ocrx_word' id='word_1_194' title='bbox 506 2320 557 2374; x_wconf 91' lang='lat' dir='ltr'><strong>tuo</strong></span> <span class='ocrx_word' id='word_1_195' title='bbox 586 2331 709 2374; x_wconf 91' lang='lat' dir='ltr'><strong>munera</strong></span> <span class='ocrx_word' id='word_1_196' title='bbox 736 2311 765 2371; x_wconf 93' lang='lat' dir='ltr'><strong>id</strong></span> <span class='ocrx_word' id='word_1_197' title='bbox 790 2311 979 2386; x_wconf 83' lang='lat' dir='ltr'><strong>effecturum,</strong></span> <span class='ocrx_word' id='word_1_198' title='bbox 1006 2313 1040 2367; x_wconf 91' lang='lat' dir='ltr'><strong>ut</strong></span> <span class='ocrx_word' id='word_1_199' title='bbox 1062 2305 1109 2366; x_wconf 89' lang='lat' dir='ltr'><strong>vel</strong></span> 
     </span>
     <span class='ocr_line' id='line_1_25' title="bbox 95 2397 1109 2481; baseline -0.011 -17"><span class='ocrx_word' id='word_1_200' title='bbox 95 2410 232 2464; x_wconf 85' lang='lat' dir='ltr'><strong>constare</strong></span> <span class='ocrx_word' id='word_1_201' title='bbox 259 2402 318 2481; x_wconf 92' lang='lat' dir='ltr'><strong>ipsi</strong></span> <span class='ocrx_word' id='word_1_202' title='bbox 345 2401 380 2462; x_wconf 92' lang='lat' dir='ltr'><strong>ad</strong></span> <span class='ocrx_word' id='word_1_203' title='bbox 408 2404 567 2463; x_wconf 90' lang='lat' dir='ltr'><strong>minimum</strong></span> <span class='ocrx_word' id='word_1_204' title='bbox 595 2404 703 2481; x_wconf 86' lang='lat' dir='ltr'><strong>possit,</strong></span> <span class='ocrx_word' id='word_1_205' title='bbox 733 2417 771 2460; x_wconf 92' lang='lat' dir='ltr'><strong>an</strong></span> <span class='ocrx_word' id='word_1_206' title='bbox 800 2406 829 2459; x_wconf 88' lang='lat' dir='ltr'><strong>et</strong></span> <span class='ocrx_word' id='word_1_207' title='bbox 856 2397 908 2459; x_wconf 91' lang='lat' dir='ltr'><strong>ubi</strong></span> <span class='ocrx_word' id='word_1_208' title='bbox 936 2398 1013 2455; x_wconf 88' lang='lat' dir='ltr'><strong>vivat</strong></span> <span class='ocrx_word' id='word_1_209' title='bbox 1041 2413 1109 2455; x_wconf 90' lang='lat' dir='ltr'><strong>cnm</strong></span> 
     </span>
     <span class='ocr_line' id='line_1_26' title="bbox 95 2483 1110 2563; baseline -0.012 -9"><span class='ocrx_word' id='word_1_210' title='bbox 95 2495 156 2554; x_wconf 82' lang='lat' dir='ltr'><strong>suis</strong></span> <span class='ocrx_word' id='word_1_211' title='bbox 184 2508 321 2552; x_wconf 87' lang='lat' dir='ltr'><strong>morosus</strong></span> <span class='ocrx_word' id='word_1_212' title='bbox 349 2490 399 2552; x_wconf 92' lang='lat' dir='ltr'><strong>ille</strong></span> <span class='ocrx_word' id='word_1_213' title='bbox 428 2491 546 2553; x_wconf 86' lang='lat' dir='ltr'><strong>debitor</strong></span> <span class='ocrx_word' id='word_1_214' title='bbox 575 2491 689 2553; x_wconf 88' lang='lat' dir='ltr'><strong>Sebast.</strong></span> <span class='ocrx_word' id='word_1_215' title='bbox 712 2508 729 2549; x_wconf 92' lang='lat' dir='ltr'><strong>a</strong></span> <span class='ocrx_word' id='word_1_216' title='bbox 751 2487 888 2549; x_wconf 88' lang='lat' dir='ltr'><strong>Pcrband</strong></span> <span class='ocrx_word' id='word_1_217' title='bbox 916 2493 946 2546; x_wconf 90' lang='lat' dir='ltr'><strong>et</strong></span> <span class='ocrx_word' id='word_1_218' title='bbox 974 2483 1044 2563; x_wconf 91' lang='lat' dir='ltr'><strong>quid</strong></span> <span class='ocrx_word' id='word_1_219' title='bbox 1073 2483 1110 2543; x_wconf 87' lang='lat' dir='ltr'><strong>ab</strong></span> 
     </span>
     <span class='ocr_line' id='line_1_27' title="bbox 93 2573 1108 2661; baseline -0.009 -18"><span class='ocrx_word' id='word_1_220' title='bbox 93 2600 128 2643; x_wconf 89' lang='lat' dir='ltr'><strong>eo</strong></span> <span class='ocrx_word' id='word_1_221' title='bbox 152 2584 254 2642; x_wconf 88' lang='lat' dir='ltr'><strong>eiusve</strong></span> <span class='ocrx_word' id='word_1_222' title='bbox 276 2579 437 2643; x_wconf 84' lang='lat' dir='ltr'><strong>heredibus</strong></span> <span class='ocrx_word' id='word_1_223' title='bbox 462 2600 582 2661; x_wconf 89' lang='lat' dir='ltr'><strong>sperare</strong></span> <span class='ocrx_word' id='word_1_224' title='bbox 606 2580 720 2642; x_wconf 89' lang='lat' dir='ltr'><strong>habeat.</strong></span> <span class='ocrx_word' id='word_1_225' title='bbox 763 2578 822 2657; x_wconf 81' lang='lat' dir='ltr'><strong>Age</strong></span> <span class='ocrx_word' id='word_1_226' title='bbox 844 2579 944 2657; x_wconf 82' lang='lat' dir='ltr'><strong>igitur,</strong></span> <span class='ocrx_word' id='word_1_227' title='bbox 967 2573 1039 2654; x_wconf 91' lang='lat' dir='ltr'><strong>quid</strong></span> <span class='ocrx_word' id='word_1_228' title='bbox 1058 2593 1108 2634; x_wconf 80' lang='lat' dir='ltr'><strong>eu-</strong></span> 
     </span>
     <span class='ocr_line' id='line_1_28' title="bbox 93 2665 1108 2751; baseline -0.008 -20"><span class='ocrx_word' id='word_1_229' title='bbox 93 2671 203 2751; x_wconf 87' lang='lat' dir='ltr'><strong>plorati</strong></span> <span class='ocrx_word' id='word_1_230' title='bbox 233 2668 288 2731; x_wconf 88' lang='lat' dir='ltr'><strong>hac</strong></span> <span class='ocrx_word' id='word_1_231' title='bbox 319 2671 354 2731; x_wconf 88' lang='lat' dir='ltr'><strong>dc</strong></span> <span class='ocrx_word' id='word_1_232' title='bbox 388 2690 421 2732; x_wconf 90' lang='lat' dir='ltr'><strong>re</strong></span> <span class='ocrx_word' id='word_1_233' title='bbox 453 2670 577 2751; x_wconf 86' lang='lat' dir='ltr'><strong>habeas,</strong></span> <span class='ocrx_word' id='word_1_234' title='bbox 610 2669 744 2748; x_wconf 83' lang='lat' dir='ltr'><strong>significa</strong></span> <span class='ocrx_word' id='word_1_235' title='bbox 776 2687 830 2748; x_wconf 89' lang='lat' dir='ltr'><strong>per</strong></span> <span class='ocrx_word' id='word_1_236' title='bbox 858 2667 948 2728; x_wconf 90' lang='lat' dir='ltr'><strong>hosce</strong></span> <span class='ocrx_word' id='word_1_237' title='bbox 977 2665 1108 2726; x_wconf 81' lang='lat' dir='ltr'><strong>fautores</strong></span> 
     </span>
     <span class='ocr_line' id='line_1_29' title="bbox 93 2753 1109 2841; baseline -0.011 -19"><span class='ocrx_word' id='word_1_238' title='bbox 93 2762 206 2822; x_wconf 85' lang='lat' dir='ltr'><strong>amicos</strong></span> <span class='ocrx_word' id='word_1_239' title='bbox 238 2776 333 2841; x_wconf 75' lang='lat' dir='ltr'><strong>meos,</strong></span> <span class='ocrx_word' id='word_1_240' title='bbox 365 2763 417 2840; x_wconf 93' lang='lat' dir='ltr'><strong>qui</strong></span> <span class='ocrx_word' id='word_1_241' title='bbox 450 2760 590 2821; x_wconf 89' lang='lat' dir='ltr'><strong>visendae</strong></span> <span class='ocrx_word' id='word_1_242' title='bbox 618 2759 702 2820; x_wconf 91' lang='lat' dir='ltr'><strong>urbis</strong></span> <span class='ocrx_word' id='word_1_243' title='bbox 730 2766 846 2818; x_wconf 90' lang='lat' dir='ltr'><strong>vestrae</strong></span> <span class='ocrx_word' id='word_1_244' title='bbox 874 2775 928 2837; x_wconf 89' lang='lat' dir='ltr'><strong>per</strong></span> <span class='ocrx_word' id='word_1_245' title='bbox 956 2753 1109 2814; x_wconf 82' lang='lat' dir='ltr'><strong>octiduum</strong></span> 
     </span>
     <span class='ocr_line' id='line_1_30' title="bbox 93 2840 1108 2929; baseline -0.012 -18"><span class='ocrx_word' id='word_1_246' title='bbox 93 2851 216 2911; x_wconf 87' lang='lat' dir='ltr'><strong>circiter</strong></span> <span class='ocrx_word' id='word_1_247' title='bbox 233 2847 420 2929; x_wconf 84' lang='lat' dir='ltr'><strong>Regiomonti</strong></span> <span class='ocrx_word' id='word_1_248' title='bbox 443 2850 616 2912; x_wconf 88' lang='lat' dir='ltr'><strong>subsistent.</strong></span> <span class='ocrx_word' id='word_1_249' title='bbox 656 2849 679 2908; x_wconf 88' lang='grc' dir='ltr'>Α</span> <span class='ocrx_word' id='word_1_250' title='bbox 698 2846 771 2908; x_wconf 89' lang='lat' dir='ltr'><strong>Nob.</strong></span> <span class='ocrx_word' id='word_1_251' title='bbox 791 2854 821 2908; x_wconf 93' lang='lat' dir='ltr'><strong>et</strong></span> <span class='ocrx_word' id='word_1_252' title='bbox 840 2845 880 2906; x_wconf 84' lang='lat' dir='ltr'><strong>Cl.</strong></span> <span class='ocrx_word' id='word_1_253' title='bbox 900 2845 953 2904; x_wconf 88' lang='lat' dir='ltr'><strong>Dn.</strong></span> <span class='ocrx_word' id='word_1_254' title='bbox 968 2842 1001 2901; x_wconf 88' lang='lat' dir='ltr'><strong>D.</strong></span> <span class='ocrx_word' id='word_1_255' title='bbox 1015 2840 1108 2900; x_wconf 88' lang='lat' dir='ltr'><strong>Remo</strong></span> 
     </span>
     <span class='ocr_line' id='line_1_31' title="bbox 93 2930 1108 3020; baseline -0.013 -20"><span class='ocrx_word' id='word_1_256' title='bbox 93 2939 147 3000; x_wconf 92' lang='lat' dir='ltr'><strong>diu</strong></span> <span class='ocrx_word' id='word_1_257' title='bbox 173 2946 231 3020; x_wconf 89' lang='lat' dir='ltr'><strong>est,</strong></span> <span class='ocrx_word' id='word_1_258' title='bbox 259 2940 337 3019; x_wconf 86' lang='lat' dir='ltr'><strong>quod</strong></span> <span class='ocrx_word' id='word_1_259' title='bbox 365 2939 462 3002; x_wconf 89' lang='lat' dir='ltr'><strong>nullas</strong></span> <span class='ocrx_word' id='word_1_260' title='bbox 490 2941 605 3019; x_wconf 80' lang='lat' dir='ltr'><strong>accepi3</strong></span> <span class='ocrx_word' id='word_1_261' title='bbox 634 2937 670 2997; x_wconf 89' lang='lat' dir='ltr'><strong>de</strong></span> <span class='ocrx_word' id='word_1_262' title='bbox 693 2936 875 3015; x_wconf 85' lang='lat' dir='ltr'><strong>Altorphinis</strong></span> <span class='ocrx_word' id='word_1_263' title='bbox 902 2949 972 3010; x_wconf 86' lang='lat' dir='ltr'><strong>crgo</strong></span> <span class='ocrx_word' id='word_1_264' title='bbox 996 2930 1108 2989; x_wconf 90' lang='lat' dir='ltr'><strong>nostris</strong></span> 
     </span>
     <span class='ocr_line' id='line_1_32' title="bbox 93 3023 1107 3106; baseline -0.013 -16"><span class='ocrx_word' id='word_1_265' title='bbox 93 3027 170 3090; x_wconf 91' lang='lat' dir='ltr'><strong>nihil</strong></span> <span class='ocrx_word' id='word_1_266' title='bbox 194 3028 305 3090; x_wconf 84' lang='lat' dir='ltr'><strong>reterre</strong></span> <span class='ocrx_word' id='word_1_267' title='bbox 329 3030 433 3092; x_wconf 91' lang='lat' dir='ltr'><strong>habeo.</strong></span> <span class='ocrx_word' id='word_1_268' title='bbox 479 3028 533 3090; x_wconf 85' lang='lat' dir='ltr'><strong>Du.</strong></span> <span class='ocrx_word' id='word_1_269' title='bbox 553 3028 663 3106; x_wconf 71' lang='lat' dir='ltr'><strong>(Inpius</strong></span> <span class='ocrx_word' id='word_1_270' title='bbox 688 3033 718 3086; x_wconf 85' lang='lat' dir='ltr'><strong>et</strong></span> <span class='ocrx_word' id='word_1_271' title='bbox 740 3024 871 3085; x_wconf 86' lang='lat' dir='ltr'><strong>Nochius</strong></span> <span class='ocrx_word' id='word_1_272' title='bbox 893 3023 997 3081; x_wconf 92' lang='lat' dir='ltr'><strong>vivunt</strong></span> <span class='ocrx_word' id='word_1_273' title='bbox 1019 3024 1107 3096; x_wconf 89' lang='lat' dir='ltr'><strong>atque</strong></span> 
     </span>
     <span class='ocr_line' id='line_1_33' title="bbox 92 3109 1108 3198; baseline -0.011 -21"><span class='ocrx_word' id='word_1_274' title='bbox 92 3115 191 3179; x_wconf 87' lang='lat' dir='ltr'><strong>valent</strong></span> <span class='ocrx_word' id='word_1_275' title='bbox 217 3125 247 3179; x_wconf 88' lang='lat' dir='ltr'><strong>et</strong></span> <span class='ocrx_word' id='word_1_276' title='bbox 269 3119 310 3181; x_wconf 86' lang='lat' dir='ltr'><strong>Te</strong></span> <span class='ocrx_word' id='word_1_277' title='bbox 339 3120 468 3182; x_wconf 87' lang='lat' dir='ltr'><strong>salutant</strong></span> <span class='ocrx_word' id='word_1_278' title='bbox 494 3118 665 3198; x_wconf 91' lang='lat' dir='ltr'><strong>plurimum.</strong></span> <span class='ocrx_word' id='word_1_279' title='bbox 712 3112 848 3176; x_wconf 90' lang='lat' dir='ltr'><strong>Grassari</strong></span> <span class='ocrx_word' id='word_1_280' title='bbox 873 3110 922 3170; x_wconf 90' lang='lat' dir='ltr'><strong>hio</strong></span> <span class='ocrx_word' id='word_1_281' title='bbox 945 3109 1039 3186; x_wconf 90' lang='lat' dir='ltr'><strong>pestis</strong></span> <span class='ocrx_word' id='word_1_282' title='bbox 1062 3109 1108 3167; x_wconf 89' lang='lat' dir='ltr'><strong>in-</strong></span> 
     </span>
     <span class='ocr_line' id='line_1_34' title="bbox 93 3202 1160 3290; baseline -0.014 -20"><span class='ocrx_word' id='word_1_283' title='bbox 93 3209 179 3289; x_wconf 83' lang='lat' dir='ltr'><strong>cipit,</strong></span> <span class='ocrx_word' id='word_1_284' title='bbox 206 3226 222 3268; x_wconf 91' lang='lat' dir='ltr'><strong>a</strong></span> <span class='ocrx_word' id='word_1_285' title='bbox 250 3228 307 3289; x_wconf 91' lang='lat' dir='ltr'><strong>qna</strong></span> <span class='ocrx_word' id='word_1_286' title='bbox 335 3213 387 3290; x_wconf 91' lang='lat' dir='ltr'><strong>qui</strong></span> <span class='ocrx_word' id='word_1_287' title='bbox 416 3208 474 3270; x_wconf 88' lang='lat' dir='ltr'><strong>sibi</strong></span> <span class='ocrx_word' id='word_1_288' title='bbox 501 3211 599 3288; x_wconf 90' lang='lat' dir='ltr'><strong>timet,</strong></span> <span class='ocrx_word' id='word_1_289' title='bbox 628 3202 804 3282; x_wconf 82' lang='lat' dir='ltr'><strong>iugiundum</strong></span> <span class='ocrx_word' id='word_1_290' title='bbox 830 3204 953 3279; x_wconf 79' lang='lat' dir='ltr'><strong>statuet5</strong></span> <span class='ocrx_word' id='word_1_291' title='bbox 981 3214 1036 3276; x_wconf 85' lang='lat' dir='ltr'><strong>ego</strong></span> <span class='ocrx_word' id='word_1_292' title='bbox 1059 3215 1108 3256; x_wconf 90' lang='lat' dir='ltr'><strong>me</strong></span> <span class='ocrx_word' id='word_1_293' title='bbox 1156 3224 1160 3229; x_wconf 96' lang='lat'>·</span> 
     </span>
     <span class='ocr_line' id='line_1_35' title="bbox 92 3285 1107 3378; baseline -0.012 -21"><span class='ocrx_word' id='word_1_294' title='bbox 92 3297 241 3378; x_wconf 86' lang='lat' dir='ltr'><strong>pracsidio</strong></span> <span class='ocrx_word' id='word_1_295' title='bbox 259 3299 451 3361; x_wconf 75' lang='lat' dir='ltr'><strong>divinosetis</strong></span> <span class='ocrx_word' id='word_1_296' title='bbox 470 3305 568 3359; x_wconf 88' lang='lat' dir='ltr'><strong>tutum</strong></span> <span class='ocrx_word' id='word_1_297' title='bbox 587 3293 716 3356; x_wconf 85' lang='lat' dir='ltr'><strong>arbitror</strong></span> <span class='ocrx_word' id='word_1_298' title='bbox 735 3290 861 3369; x_wconf 90' lang='lat' dir='ltr'><strong>ideoque</strong></span> <span class='ocrx_word' id='word_1_299' title='bbox 879 3290 990 3349; x_wconf 90' lang='lat' dir='ltr'><strong>exitum</strong></span> <span class='ocrx_word' id='word_1_300' title='bbox 1005 3285 1107 3347; x_wconf 90' lang='lat' dir='ltr'><strong>laetio-</strong></span> 
     </span>
    </p>
   </div>
   <div class='ocr_carea' id='block_1_4' title="bbox 93 3373 1107 3542">
    <p class='ocr_par' dir='ltr' id='par_1_5' title="bbox 93 3373 1107 3542">
     <span class='ocr_line' id='line_1_36' title="bbox 93 3373 1107 3470; baseline -0.013 -23"><span class='ocrx_word' id='word_1_301' title='bbox 93 3403 158 3447; x_wconf 81' lang='lat' dir='ltr'><strong>rem</strong></span> <span class='ocrx_word' id='word_1_302' title='bbox 174 3388 223 3450; x_wconf 89' lang='lat' dir='ltr'><strong>hio</strong></span> <span class='ocrx_word' id='word_1_303' title='bbox 240 3388 454 3470; x_wconf 91' lang='lat' dir='ltr'><strong>praestolabor.</strong></span> <span class='ocrx_word' id='word_1_304' title='bbox 491 3386 608 3447; x_wconf 83' lang='lat' dir='ltr'><strong>Interea</strong></span> <span class='ocrx_word' id='word_1_305' title='bbox 628 3391 659 3443; x_wconf 91' lang='lat' dir='ltr'><strong>tu</strong></span> <span class='ocrx_word' id='word_1_306' title='bbox 678 3383 743 3440; x_wconf 85' lang='lat' dir='ltr'><strong>vive</strong></span> <span class='ocrx_word' id='word_1_307' title='bbox 763 3382 873 3458; x_wconf 90' lang='lat' dir='ltr'><strong>optime</strong></span> <span class='ocrx_word' id='word_1_308' title='bbox 893 3386 923 3438; x_wconf 90' lang='lat' dir='ltr'><strong>et</strong></span> <span class='ocrx_word' id='word_1_309' title='bbox 938 3375 1016 3437; x_wconf 88' lang='lat' dir='ltr'><strong>salve</strong></span> <span class='ocrx_word' id='word_1_310' title='bbox 1029 3373 1107 3454; x_wconf 89' lang='lat' dir='ltr'><strong>plur.</strong></span> 
     </span>
     <span class='ocr_line' id='line_1_37' title="bbox 94 3467 1060 3542; baseline -0.013 -6"><span class='ocrx_word' id='word_1_311' title='bbox 94 3494 113 3537; x_wconf 91' lang='lat' dir='ltr'><strong>a</strong></span> <span class='ocrx_word' id='word_1_312' title='bbox 135 3476 194 3539; x_wconf 87' lang='lat' dir='ltr'><strong>Tuo</strong></span> <span class='ocrx_word' id='word_1_313' title='bbox 218 3483 298 3541; x_wconf 90' lang='lat' dir='ltr'><strong>omni</strong></span> <span class='ocrx_word' id='word_1_314' title='bbox 322 3481 430 3542; x_wconf 81' lang='lat' dir='ltr'><strong>affectu</strong></span> <span class='ocrx_word' id='word_1_315' title='bbox 625 3471 826 3531; x_wconf 85' lang='lat' dir='ltr'><strong>Hermanno</strong></span> <span class='ocrx_word' id='word_1_316' title='bbox 850 3467 1060 3541; x_wconf 82' lang='lat' dir='ltr'><strong>Tederingo.</strong></span> 
     </span>
    </p>
   </div>
   <div class='ocr_carea' id='block_1_5' title="bbox 138 3571 839 3671">
    <p class='ocr_par' dir='ltr' id='par_1_6' title="bbox 138 3571 839 3671">
     <span class='ocr_line' id='line_1_38' title="bbox 138 3571 839 3671; baseline -0.013 -26"><span class='ocrx_word' id='word_1_317' title='bbox 138 3584 197 3648; x_wconf 85' lang='lat' dir='ltr'><strong>Dat.</strong></span> <span class='ocrx_word' id='word_1_318' title='bbox 220 3592 327 3671; x_wconf 84' lang='lat' dir='ltr'><strong>raptim</strong></span> <span class='ocrx_word' id='word_1_319' title='bbox 353 3584 517 3648; x_wconf 77' lang='lat' dir='ltr'><strong>[tantisci</strong></span> <span class='ocrx_word' id='word_1_320' title='bbox 541 3578 592 3641; x_wconf 81' lang='lat'><strong>23.</strong></span> <span class='ocrx_word' id='word_1_321' title='bbox 611 3577 678 3639; x_wconf 93' lang='lat' dir='ltr'><strong>lulii</strong></span> <span class='ocrx_word' id='word_1_322' title='bbox 697 3595 723 3640; x_wconf 92' lang='lat' dir='ltr'><strong>a.</strong></span> <span class='ocrx_word' id='word_1_323' title='bbox 743 3571 839 3639; x_wconf 81' lang='lat'><strong>1624.</strong></span> 
     </span>
    </p>
   </div>
   <div class='ocr_carea' id='block_1_6' title="bbox 0 0 1210 3966">
    <p class='ocr_par' dir='ltr' id='par_1_7' title="bbox 0 0 1210 3966">
     <span class='ocr_line' id='line_1_39' title="bbox 0 0 1210 3966; baseline 0 0"><span class='ocrx_word' id='word_1_324' title='bbox 0 0 1210 3966; x_wconf 95' lang='lat' dir='ltr'><strong> </strong></span> 
     </span>
    </p>
   </div>
  </div>
 </body>
</html>
