2422 3944
91 150 135 216 56
527 150 548 208 Ι,
568 150 681 206 Gruteri

95 319 151 362 nec
183 307 229 361 sat
260 299 340 362 limis
373 301 494 380 quidem
525 300 561 360 ad
594 299 747 360 Musarum
779 308 896 361 montes
932 302 1120 380 respiciendi

94 389 227 453 facultas
278 389 374 451 Pudet
406 392 486 450 enim
518 397 580 450 tam
612 389 664 449 diu
697 388 806 450 dehere
839 408 903 450 rem
935 392 1018 451 omni
1050 393 1118 453 iure

95 478 328 559 dissolvendam,
357 480 461 558 utique
486 496 555 539 cum
579 480 737 557 scripserit
759 477 830 539 olim
852 481 1016 558 imperator
1039 483 1118 562 quis,

96 567 175 648 apud
198 568 397 630 verecundam
424 568 638 629 conscientiam
660 567 809 628 mendacii
836 585 930 646 genus
957 586 1025 629 esse
1046 587 1119 649 pro·

96 659 188 718 missa
217 650 392 718 tardarem.
437 656 547 717 Verum
577 674 646 717 cum
675 656 725 717 hic
757 659 789 716 in
819 674 902 717 mora
930 655 1047 719 nullum
1077 661 1119 719 sit

95 746 265 826 periculum
288 748 446 825 aequitatis
468 752 546 826 tuae,
569 744 714 806 voluntati
732 747 862 806 suaviter
879 748 1046 825 acquiesco.
1084 746 1118 809 Si

97 834 147 895 hic
169 837 264 913 pestis
282 833 372 895 latins
391 842 421 895 et
438 834 549 895 lentius
572 851 707 913 grassare
727 828 920 915 coeperit²⁶⁶,
949 835 1025 896 lorte
1050 838 1118 918 erit,

96 931 131 983 ut
155 922 189 983 ad
214 941 267 983 vos
289 922 375 983 brevi
398 941 553 984 excurram
582 931 612 983 et
638 940 699 982 non
726 925 786 983 iarn
813 925 940 1002 imagine
969 927 1118 986 sermonis

96 1020 172 1093 utar,
196 1011 249 1072 sed
271 1014 351 1072 veris
379 1012 462 1072 lruar
490 1010 645 1090 capitibus.
690 1011 814 1072 Interim
840 1013 929 1073 vivite
956 1020 988 1073 et
1012 1012 1120 1096 valete,

96 1103 185 1161 amici
208 1102 321 1180 optimi.

141 1207 418 1288 Heidelbergae,
442 1207 490 1267 die
514 1205 565 1269 28.
587 1207 666 1286 Sept.
688 1203 783 1270 1596.

193 1314 275 1375 Tuus
299 1317 380 1375 omni
403 1314 462 1374 fide
484 1313 591 1374 lanus
614 1313 795 1375 Gruterus
818 1314 860 1374 de
884 1314 1071 1394 Gruytere.

226 1503 281 1573 44.
312 1506 338 1573 Ι.
363 1504 521 1574 Gruterus
545 1505 576 1572 (i.
599 1503 822 1573 Ritterslrusio
846 1505 906 1572 sol.
931 1505 977 1594 pl.

98 1627 363 1698 Heidelbergae.
808 1617 814 1631 '
913 1633 938 1685 4.
957 1628 1017 1685 Ian.
1038 1635 1118 1688 1597.

166 1721 246 1783 Bene
270 1728 443 1800 occupatam
465 1716 720 1783 Thalwenzelii²⁶⁷
747 1726 807 1784 mei
830 1724 1119 1787 commendationem

100 1820 130 1874 et
160 1810 236 1871 mihi
268 1817 298 1871 et
329 1810 385 1870 tibi
416 1811 539 1889 gaudeo.
589 1811 650 1872 Nos
686 1805 834 1872 Βοθιίο968
871 1814 996 1893 quodvis
1028 1814 1121 1876 officii

99 1919 195 1979 genus
217 1898 346 1960 libenter
373 1901 636 1982 impertiissemus,
664 1902 724 1960 nisi
752 1919 768 1960 a
795 1903 892 1980 prima
920 1901 1015 1963 salute
1042 1921 1120 1965 nun-

101 2007 189 2068 quam
212 2006 260 2048 me
284 1986 449 2049 reddisset.
497 1989 613 2068 Spiram
642 1991 826 2050 concessisse
854 1992 912 2051 iam
940 1990 1059 2070 pridem
1083 2010 1120 2052 ex

99 2080 161 2139 tuis
179 2076 322 2156 intelligo.
358 2076 414 2138 llic
432 2077 520 2138 nobis
538 2080 700 2139 etiamnum
723 2080 811 2138 statio
831 2075 891 2160 est,
914 2083 1006 2141 certis
1024 2078 1120 2141 lleum

100 2166 201 2228 lumen
224 2165 297 2227 illud
325 2184 465 2244 magnum
493 2186 586 2245 aeque
615 2167 671 2227 hoc
698 2167 763 2227 loco
791 2169 822 2227 in
850 2186 905 2229 nos
933 2169 1119 2230 directurum

101 2274 189 2335 quam
214 2254 292 2315 alibi.
339 2254 436 2326 Quum
458 2263 558 2317 tamen
581 2256 665 2316 video
694 2257 820 2316 ataxiam
845 2257 948 2337 populi
975 2264 1006 2318 et
1029 2277 1119 2337 quarn

99 2362 159 2405 non
179 2347 272 2405 vitent
291 2342 339 2404 lue
359 2346 416 2405 ista
435 2345 570 2426 inlectos
589 2344 642 2405 sed
660 2346 848 2406 immisceant
867 2365 899 2406 se
917 2363 1008 2426 porro
1028 2350 1120 2429 sanis,

100 2432 192 2514 dolet,
220 2433 300 2513 quod
323 2432 393 2493 hinc
420 2451 480 2494 non
508 2432 632 2494 abierim
656 2452 724 2494 cum
751 2433 826 2495 aliis.
872 2434 1014 2514 Cogimur
1037 2439 1119 2498 enim

100 2530 152 2583 aut
178 2527 323 2601 perpetuo
351 2521 488 2583 desidere
516 2523 596 2583 domi
624 2520 681 2581 soli
708 2529 758 2583 aut
789 2523 971 2602 prodeuntes
1003 2528 1119 2587 muniri

100 2610 277 2690 pharmacis,
301 2628 376 2688 quae
400 2612 429 2671 vi
452 2628 505 2670 sua
525 2613 644 2690 corpori
661 2611 781 2671 tandem
799 2620 935 2693 noceant,
958 2613 1120 2692 quodiam

102 2716 173 2760 sane
196 2716 262 2758 meo
287 2698 402 2759 accidit.
440 2697 549 2760 Casum
571 2702 777 2779 gravissimum
801 2701 879 2780 quod
898 2720 1016 2762 meeum
1035 2703 1121 2764 doles

101 2785 229 2848 familiae
253 2793 381 2869 nostrae,
404 2805 532 2867 agnosco
556 2790 588 2848 in
611 2807 646 2850 eo
670 2807 802 2849 amorem
820 2797 905 2850 tuum
924 2792 992 2851 mei.
1024 2791 1119 2862 Atco

102 2894 171 2939 sane
201 2879 242 2939 ita
271 2893 324 2954 ego
352 2876 464 2938 fractus
492 2895 572 2958 sum,
604 2884 638 2938 ut
660 2877 734 2937 nihil
760 2880 951 2940 meminerim
973 2880 1120 2942 accidisse

101 2966 170 3027 huic
194 2967 310 3045 pectori
332 2967 464 3047 gravius,
491 2983 548 3026 nec
572 2968 635 3026 sine
660 2985 756 3027 causa.
801 2966 1014 3047 Praeterquam
1037 2971 1120 3030 enim

102 3055 180 3134 quod
204 3053 353 3134 praesidio
377 3054 461 3115 lruor
483 3056 603 3135 insigni,
625 3054 800 3116 reciderunt
820 3057 851 3116 in
869 3056 1011 3118 humeros
1034 3076 1121 3119 meos

101 3143 193 3205 multa
220 3141 391 3205 insolentia:
424 3140 553 3204 ematela
581 3144 692 3224 affinis,
723 3144 940 3206 administratio
970 3144 1122 3208 bonorum

103 3231 227 3311 aliaque,
251 3249 325 3311 quae
350 3233 508 3293 catenatim
526 3232 596 3315 talia
615 3235 758 3312 consequi
773 3233 876 3294 solent.
913 3233 1029 3295 Literas
1048 3243 1122 3298 tuas

103 3327 270 3399 opportuno
293 3325 427 3399 tempore
451 3328 556 3386 nactus
581 3339 655 3382 sum.
692 3321 757 3392 Quo
781 3324 861 3382 enim
884 3322 932 3383 die
955 3323 1123 3387 abituribat

90 3407 251 3490 ,Genevam
275 3406 476 3470 eommetinus
499 3414 610 3490 noster,
634 3409 732 3470 eidem
753 3410 872 3471 tradidi.
904 3411 1007 3491 Aquo
1025 3413 1121 3476 habes

103 3499 176 3578 ista,
209 3514 284 3576 quae
315 3495 406 3557 vides.
453 3496 601 3559 Nonnulla
633 3517 669 3558 ex
702 3501 746 3559 eis
778 3499 846 3578 legi.
892 3499 969 3571 Quid
1000 3500 1123 3564 dicam?
