2400 3966
561 198 698 269 epistolae
1089 199 1133 264 23

45 350 47 355 ’
85 361 114 415 ut
137 351 339 430 subverear,
373 367 413 410 ne
442 347 515 409 dum
547 349 635 410 nimis
663 350 815 411 officiosus
842 350 873 410 in
904 352 1032 411 amicum
1055 368 1132 433 sum,

85 442 137 504 tihi
160 458 302 522 quoque
324 440 408 519 fiam,
431 456 521 517 quam
540 455 606 498 esse
624 438 757 520 debeam,
780 438 941 500 molestior.
975 439 1033 499 Sed
1052 441 1131 502 feres

83 551 135 612 pro
165 529 337 609 singulari
367 527 502 588 bonitate
530 533 593 608 tua,
619 526 833 589 humanissime
856 528 1050 609 Hieronymo,
1076 528 1132 590 hac

84 624 197 682 iterum
237 621 316 680 vice
344 635 402 695 pm
436 617 531 676 amico
559 617 675 677 sincero
704 617 826 697 quidem
857 624 888 678 et
914 618 1045 698 erudito,
1079 618 1130 678 sed

83 728 178 790 paene
201 727 266 770 exs
290 754 298 767 .
317 754 324 766 .
345 723 381 766 so
396 697 442 789 (i)
457 704 675 787 deprecantem,
693 713 727 768 ut
745 709 773 767 si
791 725 892 787 queas,
910 705 991 768 illius
1011 725 1130 769 causam

84 799 162 880 apud
193 798 422 876 magistratus,
455 811 512 872 qua
534 796 649 855 ratione
680 797 753 876 scis,
785 814 968 875 promoveas
1014 796 1046 857 ld
1075 799 1132 858 etsi

84 889 248 950 iacturum
278 892 315 946 13
339 902 401 945 non
430 882 564 944 dubitem
590 891 621 945 31
647 883 692 945 illi
719 888 929 946 necessitatem
956 886 1131 947 113333311-

84 977 180 1038 bendi
207 976 252 1036 ad
273 981 310 1035 13
330 976 389 1034 1313
408 975 499 1033 etiam
521 974 639 1033 nomine
663 975 839 1055 excusarim,
862 981 961 1035 tamen
980 977 1145 1037 eristimst¹

86 1086 171 1128 meas
197 1065 318 1126 literas
338 1061 421 1142 ,apud
443 1068 487 1142 te,
510 1062 536 1121 si
558 1061 632 1122 nihil
655 1062 749 1144 aliud,
776 1062 832 1124 hoe
855 1069 955 1124 tamen
978 1065 1130 1147 valituras,

86 1164 120 1216 nt
147 1158 185 1216 in
215 1153 407 1214 memoriam
437 1167 572 1232 revoces,
604 1152 632 1212 si
659 1151 760 1212 forsan
793 1152 966 1234 excidisset,
997 1153 1128 1215 hominis

88 1263 229 1305 causam
266 1239 358 1313 Quod
381 1247 414 1301 ut
436 1239 536 1320 iacias,
558 1239 611 1301 ubi
633 1242 692 1302 erit
710 1241 898 1302 commodum
922 1249 952 1301 31
971 1246 1127 1304 occasione

89 1333 170 1394 bona
196 1330 334 1412 poteris,
358 1331 446 1390 amici
469 1346 556 1390 causa
579 1336 609 1390 te
631 1348 713 1408 rogo.
750 1329 881 1391 Tametsi
903 1332 984 1390 enim
1008 1339 1038 1391 et
1056 1331 1131 1392 mihi

95 1424 154 1502 ipsi
178 1438 266 1500 opus
293 1437 361 1479 esse
380 1411 622 1502 deprecatore*),
644 1425 744 1479 tamen
764 1421 834 1498 quia
853 1426 883 1479 et
901 1437 966 1480 mea
984 1419 1040 1480 tihi
1059 1423 1131 1480 33113

95 1520 167 1572 nota
192 1517 247 1572 est
271 1525 364 1568 causa
387 1514 418 1568 et
441 1508 568 1567 amicum
591 1507 692 1568 laHere
712 1515 854 1587 concepta
874 1508 911 1569 de
930 1527 978 1569 me
997 1527 1050 1589 spe
1069 1528 1130 1571 non

98 1599 212 1680 decuit,
237 1595 335 1658 malui
358 1596 463 1657 deesse
482 1597 540 1674 ipsi
562 1596 637 1657 mihi
656 1615 744 1676 quam
762 1616 822 1658 non
841 1597 993 1680 prodesse,
1017 1601 1043 1660 si
1061 1618 1129 1680 pos-

45 1684 47 1721 ⁵
100 1707 171 1771 sem,
195 1687 322 1749 homini
340 1685 377 1745 de
399 1704 447 1746 me
471 1702 531 1744 non
554 1684 629 1745 male
652 1688 768 1746 merito.
801 1686 886 1758 Quod
910 1694 943 1748 ut
966 1689 998 1748 iu
1020 1687 1128 1749 bonam

104 1785 222 1856 partem
242 1776 384 1855 accipias,
403 1775 445 1834 mi
462 1773 650 1856 Hieronyme,
674 1776 763 1835 etiam
782 1783 871 1855 atque
890 1778 980 1837 etiam
999 1783 1028 1837 te
1047 1796 1128 1857 rogo.

106 1865 188 1928 Nunc
213 1867 248 1926 iu
273 1861 432 1924 scribendo
456 1857 772 1942 33133311311111311386
802 1883 881 1946 sum,
912 1884 987 1945 quae
1015 1869 1129 1927 utinam

108 1973 163 2016 nou
185 1952 351 2015 incidisset
377 1953 539 2013 necessitas
566 1958 597 2012 et
623 1970 678 2030 ego
705 1955 805 2032 potius
833 1955 959 2014 viventis
987 1950 1128 2038 illius**)

112 2040 438 2120 summum‘ingenium
460 2040 584 2101 fuissem
607 2040 720 2101 diutius
739 2042 888 2103 admirans
909 2048 998 2122 quam
1016 2047 1127 2105 mortui

113 2133 230 2194 inferias
268 2131 462 2210 peregissem.
508 2128 665 2208 Nunquam
698 2137 779 2191 certe
811 2134 910 2191 minus
942 2139 1029 2209 poeta
1062 2151 1128 2192 esse

116 2221 197 2282 ualui
219 2238 314 2300 quam
337 2221 369 2279 iu
391 2217 500 2279 talibus
522 2216 626 2279 talium
649 2220 782 2279 virorum
805 2219 931 2280 casibus.
973 2219 1031 2279 Sed
1055 2220 1125 2281 dum

117 2311 150 2370 113
165 2311 241 2371 ierat
260 2310 426 2370 necessitas
441 2315 471 2368 31
484 2306 530 2367 rel
544 2306 714 2368 nolentibus
729 2307 815 2369 nobis
834 2317 933 2369 tamen
947 2308 1022 2369 tales
1042 2328 1128 2370 casus

119 2400 239 2476 quotidie
264 2397 401 2458 incidant
424 2403 454 2458 et
475 2415 540 2477 nos,
564 2396 642 2475 quod
662 2397 753 2457 officii
771 2399 868 2458 nostri
887 2404 917 2458 31
934 2396 1127 2460 humanitatis

121 2495 165 2568 est,
185 2507 246 2550 non
269 2490 445 2568 ignoremus
468 2492 620 2565 praestare
643 2504 699 2546 nos
722 2494 870 2566 oportere.
907 2485 985 2548 Vale.

157 2586 458 2678 (Norimbergae),
480 2591 539 2655 VH.
558 2592 627 2653 Idus
646 2592 758 2672 Aprilis
775 2593 953 2654 MDXXVHI.

789 2700 883 2761 Tuus
906 2698 1080 2765 Hessus⁸⁷.

290 2905 337 2976 21.
369 2906 449 2976 1131.
470 2907 593 2977 Hessos
616 2908 654 2977 H.
678 2907 978 2994 Baumgartnero„

124 3027 390 3100 (Norimbergae),
735 3029 823 3101 (Maio
842 3030 887 3085 vel
905 3030 986 3085 Iunio
1006 3033 1127 3101 1530)⁸⁸.

179 3127 359 3188 Auctoritate
378 3132 409 3185 31
423 3125 590 3186 eruditione
606 3124 685 3185 claro
701 3128 763 3185 viro
779 3125 812 3186 l).
826 3125 1006 3205 Hieronymo
1021 3125 1128 3187 Baum·

126 3222 260 3297 gaunero,
283 3216 378 3275 amico
401 3213 626 3293 incomparabili
650 3233 712 3275 suo.

181 3303 208 3364 S.
226 3303 315 3364 Brevi
333 3320 420 3382 spero
439 3321 487 3363 me
506 3304 651 3364 initurum
670 3305 816 3363 rationem
835 3301 972 3384 aliquam,
996 3322 1054 3385 qua
1072 3305 1127 3366 tibi

126 3419 324 3433 *u—

184 3490 209 3556 *)
228 3489 309 3545 ‘scio'
329 3490 376 3545 rel
395 3491 453 3547 1313
471 3489 542 3560 quid
558 3491 737 3548 inserendum
757 3492 810 3549 331.
909 3506 911 3510 ·

170 3561 209 3632 '¹')
227 3559 292 3619 eod
311 3563 377 3618 allis.
