2400 3966
138 218 202 282 106
530 215 564 272 H.
585 215 758 286 Thederingi

136 386 241 448 pressa
264 385 399 446 quaeque
417 365 496 427 Deus
520 372 582 426 rata
605 366 691 426 firma
714 384 780 427 esse
804 364 913 447 iubeat,
937 364 1017 426 nulla
1041 365 1098 426 alia
1118 364 1154 426 ab
1170 381 1193 442 itt

136 458 168 517 A.
192 457 223 517 V.
251 464 354 535 petere
383 463 433 516 aut
456 472 578 534 sperare
603 453 769 515 debuimus.
816 454 889 526 Quis
913 456 994 515 enim
1017 456 1077 515 nisi
1099 456 1155 515 im·
1169 491 1194 530 q

138 546 374 626 pudentissimus
398 545 627 623 occupatissimo
646 546 871 623 occupationem
890 539 1035 604 adderet?
1057 543 1156 604 Etiam
1175 606 1191 621 ¹

136 635 272 696 voluntas
294 637 325 695 in
349 642 430 695 tanto
444 635 633 713 negotiorum
651 651 802 694 concursu
826 635 919 693 nimia
937 633 1033 693 videri
1051 635 1155 712 possit.
1172 654 1192 714 p

138 724 196 785 Sed
215 727 274 784 iam
293 724 394 784 deficit
412 730 530 802 tempus
550 720 729 783 subiiciendi
747 721 872 803 reliqua,
891 739 966 801 quae
986 721 1155 783 litterarum
1175 746 1195 803 q

136 814 168 874 A.
191 813 222 873 V.
255 812 372 892 pondus
406 814 563 890 attingunt.
613 810 752 872 Desinam
784 813 876 890 igitur
908 811 956 871 hic
989 818 1020 871 et
1049 828 1188 893 novamp

136 901 226 962 telam
249 900 384 962 Genevae
408 901 516 961 ordiar.
558 899 642 970 Quod
665 908 700 961 ut
721 898 808 960 nobis
832 900 921 961 salvis
944 907 975 960 et
997 899 1156 962 incolumi·

137 989 194 1051 bus
228 992 447 1069 quamprimum
479 989 579 1069 liceat,
611 988 705 1049 Deum
738 988 771 1049 0.
802 988 838 1049 M.
872 988 1046 1051 ardentibus
1078 991 1156 1050 votis
1180 1045 1198 1071 ,ἦ

139 1078 318 1160 sollicitabo,
354 1078 463 1158 quibus
495 1078 526 1138 V.
555 1077 586 1138 A.
624 1077 808 1158 aliorumque
840 1080 937 1139 nostri
970 1078 1156 1139 studiosissi·
1197 1115 1199 1121 ·

136 1187 253 1230 morum
285 1175 483 1229 consonatura
514 1166 614 1228 nullus
646 1166 759 1228 dubito.
809 1166 879 1228 Vale
908 1199 951 1210 -
980 1165 1081 1248 Salve,
1113 1169 1157 1228 mi
1186 1162 1198 1255 ξ’

139 1258 257 1320 Clariss.
285 1256 339 1318 Dn.
363 1256 395 1317 D.
418 1256 525 1337 Reme,
551 1255 662 1317 Fautor
689 1263 720 1317 et
746 1255 872 1317 Patrone
896 1255 1032 1317 Parentis
1059 1258 1158 1318 instar
1191 1252 1197 1337 j

137 1355 316 1428 perpetuum
342 1345 522 1407 honorande.
570 1344 701 1406 Salutem
728 1363 846 1425 quoque
874 1346 906 1406 A.
930 1345 961 1406 V.
994 1344 1158 1425 plurimam
1197 1405 1200 1430 ἶ

138 1444 168 1497 et
196 1437 444 1498 officiosissimam
471 1436 576 1496 nuntio
605 1453 621 1494 a
649 1433 788 1495 Nobiliss.
811 1434 865 1495 Dn.
889 1434 1058 1496 Maecenate
1087 1453 1156 1496 meo

136 1525 310 1586 Mar-Com.
334 1544 351 1585 a
373 1523 507 1603 Rehling.
1194 1576 1200 1606 z

202 1613 272 1674 Dab.
292 1613 471 1692 Augustae
494 1610 676 1692 Vindelic,
699 1612 796 1691 pridie
814 1612 1009 1692 profectionis
1027 1611 1158 1675 Gallica·
1199 1685 1200 1691 ἵ

136 1721 201 1784 nae,
224 1703 252 1763 h.
275 1721 300 1762 e.
326 1700 377 1762 21.
402 1702 482 1782 Sept.
506 1720 549 1762 ao.
576 1697 671 1764 1618.

477 1807 572 1886 Ampl.
596 1815 625 1868 et
647 1807 758 1869 Excell.
780 1807 902 1909 Vestrae
926 1807 1039 1869 observ.

381 1913 604 1975 Hermannus
628 1913 879 1993 Thederingus
902 1913 1109 1979 Dantisoanus

203 2040 320 2102 Inclusa
343 2038 478 2118 epistolia
502 2038 560 2099 duo
585 2056 704 2119 quaeso,
730 2055 768 2098 ne
792 2057 878 2117 grave
903 2041 942 2099 sit
960 2038 996 2100 ad
1015 2057 1070 2101 sua
1088 2039 1160 2103 loca

138 2149 251 2192 curare.
288 2129 373 2201 Quod
396 2127 518 2189 domum
541 2134 571 2188 et
592 2128 719 2207 patriam
740 2145 838 2188 meam
857 2134 979 2208 spectat,
1001 2127 1056 2190 Du.
1080 2129 1160 2192 lan.-

139 2218 307 2299 Christoph.
331 2217 522 2279 Schcurelius
545 2215 592 2276 vel
614 2215 668 2276 Dn.
692 2214 780 2276 Marc.
799 2216 878 2277 Frid.
897 2210 1049 2278 Plautb⁴⁸³
1072 2227 1159 2282 recte

138 2310 266 2390 curabit;
307 2307 432 2370 alterum
469 2306 566 2367 oblata
602 2307 758 2365 occasione
795 2304 987 2386 Myrtilletum
1023 2305 1160 2388 ablegari

138 2401 257 2479 poterit.
302 2397 334 2459 B.
358 2396 389 2458 V.

365 2638 414 2709 ld.
446 2641 483 2708 H.
507 2638 734 2726 Thederingus
759 2637 794 2706 o.
816 2638 929 2707 Remo.

139 2745 307 2808 Genevae.
926 2747 969 2800 29.
988 2742 1055 2799 Deo.
1076 2749 1160 2803 1618.

206 2857 377 2936 ..Georgio
400 2856 492 2917 llemo
508 2904 514 2917 .
531 2905 537 2917 .
557 2857 683 2918 Senatus
706 2855 861 2935 Noriberg.
908 2855 1085 2918 Consiliario
1110 2860 1160 2919 in·

139 2951 211 3009 timo
234 2948 376 3027 primario
392 2993 398 3005 .
414 2992 420 3005 .
435 2944 623 3024 Niirnbergk.
647 2946 733 3006 Aulm
752 2944 939 3024 Dillinghofe.

223 3035 413 3097 Nobilissime
437 3042 524 3115 atque
547 3034 736 3113 Amplissime
759 3034 813 3095 Du.
836 3033 945 3095 Doctor
968 3033 1070 3117 Reme,

338 3123 447 3184 Fautor
470 3130 500 3183 et
521 3122 648 3184 Patrone
672 3130 798 3184 aetatem
821 3120 960 3184 colende!

206 3214 291 3286 Quod
311 3214 450 3274 Summus
473 3212 549 3274 bene
572 3212 761 3294 remotiora,
785 3212 882 3273 denuo
905 3212 1159 3291 peregrinationis

139 3312 258 3364 nostrae
280 3305 314 3363 in
336 3303 391 3363 hac
414 3304 474 3362 vita
492 3320 602 3362 annum
621 3300 800 3362 absolvimus
820 3301 915 3381 adque
933 3318 1044 3361 novum
1063 3320 1159 3382 prope

139 3390 333 3454 accessimus!
366 3391 451 3453 Hunc
475 3390 568 3470 Ampl.
592 3391 713 3451 Vestrae
737 3392 866 3450 faustum
888 3388 1159 3470 felicissimumque

140 3481 177 3543 ab
200 3481 379 3542 lmmanuele
408 3480 494 3542 nobis
518 3487 600 3560 nato,
628 3479 714 3540 nobis
739 3480 806 3540 dato
830 3480 971 3540 animitus
993 3497 1105 3558 precor
1127 3487 1160 3541 et

141 3579 255 3652 exopto.
302 3570 363 3631 Nec
386 3570 443 3631 boc
467 3571 576 3650 solum,
600 3569 652 3629 sed
676 3571 765 3629 etiam
788 3575 820 3628 ut
843 3570 1037 3647 insequentes
1061 3587 1158 3630 annos
