2400 3966
533 189 672 261 epistolae
1063 193 1106 258 53

104 343 153 422 uis,
173 348 301 402 curante
322 358 418 422 meas,
442 340 554 420 quibus
571 341 743 402 addideram
760 341 979 422 Epigrammata
998 342 1112 422 aliquot

103 424 356 511 uuonellumffl,
381 448 457 509 quae
480 448 554 509 prae
575 448 674 512 mauu,
697 431 730 492 ll.
749 429 889 513 Frehero,
912 435 964 511 qui
983 435 1041 492 iam
1060 432 1110 492 hie

101 518 161 580 lucii
181 519 268 580 illius
293 513 503 599 nepaciiiei²⁵3
526 519 643 599 supplet
664 522 774 601 ricem3
805 529 835 582 et
857 521 985 582 necdum
1009 528 1109 581 tamen

101 608 153 688 pud
174 611 333 688 cogitasse
358 607 396 668 de
420 607 559 669 Carmine
580 608 810 690 Encomiastico,
833 610 911 689 quod
930 610 1110 689 praefigatur

100 696 130 758 di
146 705 196 759 tuo
217 697 399 759 Gunthero:
422 697 496 757 adeo
514 697 619 759 morbo
638 701 695 758 isto
715 708 819 759 nostro
838 701 1004 759 octimestri
1021 697 1108 778 plane

99 785 236 848 elirutuit
274 788 401 848 animus
432 799 531 865 neque
563 787 652 848 audet
682 787 834 849 Musarum
870 788 960 848 valles
992 790 1109 848 eminus

97 878 231 957 aspicere,
264 875 386 936 nedum
412 883 447 936 ut
475 877 642 937 comminus
670 879 804 956 capiatur
836 884 952 937 montes
983 877 1108 956 ingredi

96 961 158 1025 laxo
178 972 305 1046 tamen,
327 971 365 1024 ut
386 963 443 1024 tibi
465 971 583 1025 constet
603 965 640 1025 de
664 966 721 1027 lide
745 972 775 1027 et
797 966 929 1045 pollicito
952 985 1034 1046 meo,
1056 967 1109 1027 ubi

95 1071 118 1113 sc
135 1053 300 1134 paululum
323 1054 478 1114 remiserit
500 1071 601 1114 meum
623 1053 742 1115 malum.
783 1055 818 1115 ln
841 1055 971 1134 effigiem
993 1054 1109 1116 Donelli

94 1140 168 1204 breve
200 1142 328 1205 extudit
357 1141 432 1202 mihi
461 1145 642 1222 epigramma
671 1143 762 1205 suada
792 1143 948 1205 Freherea.
1004 1144 1108 1204 Cetera

92 1233 155 1293 nuti
178 1247 303 1312 sumus,
328 1229 403 1291 adeo
427 1231 557 1312 quidem,
578 1239 613 1293 ut
635 1250 732 1312 neque
752 1251 821 1293 suas
841 1233 899 1293 sibi
921 1252 938 1292 a
957 1250 1004 1292 me
1028 1240 1109 1292 retu-

92 1319 171 1383 lcn‘nt
188 1328 247 1382 ant
260 1319 448 1400 Pithopoeus
468 1327 519 1382 aut
532 1320 707 1401 Sylhurgius
725 1315 907 1400 inferias²⁵⁴;
926 1323 999 1399 quin
1018 1321 1108 1379 immo

91 1409 230 1473 desuesce
257 1409 398 1488 quotidie
421 1427 590 1471 sermonem
612 1410 744 1472 latinum.
782 1409 819 1470 Et
841 1412 901 1469 nisi
923 1427 971 1468 me
994 1407 1109 1469 Bouuae

90 1495 182 1560 llii²⁵⁵
212 1499 433 1560 sermocinatio
461 1499 633 1578 frequenter
660 1501 745 1578 quasi
773 1500 900 1578 cibaret,
927 1500 985 1558 iam
1013 1505 1109 1558 traus-

89 1588 149 1667 luga
182 1589 289 1649 lactus
323 1604 405 1648 eram
432 1586 577 1648 Palladiae
600 1587 732 1649 militiae.
779 1589 971 1668 Suspiciones
994 1594 1110 1648 tantum

88 1685 203 1738 mstras
227 1676 348 1758 leviter,
364 1693 555 1737 recensemus
582 1694 638 1736 nee
661 1695 861 1738 recensemus.
902 1678 983 1738 Adeo
1006 1685 1109 1757 torpor

88 1784 138 1827 uos
163 1765 294 1849 quidam
318 1763 408 1825 hahet
431 1771 461 1825 et
482 1773 624 1826 veternus
647 1784 740 1845 paene
765 1767 906 1828 lethaeus.
951 1767 1060 1827 Verum

150 1874 169 1916 o
194 1856 283 1934 passi
307 1855 451 1934 graviora,
473 1853 555 1915 dabit
577 1854 652 1915 deus
675 1855 724 1915 hie
748 1874 866 1936 quoque
890 1851 1033 1936 uncum,

87 1945 115 2003 iu
138 1962 203 2024 qno
221 1949 295 2002 voto
314 1942 396 2021 linio,
419 1961 486 2002 cum
504 1961 604 2023 prece,
627 1951 661 2003 tu
680 1946 768 2005 etiam
781 1964 836 2024 pro
855 1945 1023 2006 valetudine
1041 1962 1109 2004 mea

87 2032 262 2094 intercedas
284 2029 364 2110 apud
387 2029 480 2091 Deum
503 2030 569 2110 Opt.
584 2031 668 2114 Max,
688 2051 775 2112 quem
798 2035 855 2095 tibi
873 2043 1000 2113 tuaeque
1024 2034 1108 2093 lami-

88 2120 143 2182 liae
167 2138 266 2183 voveo
289 2119 445 2180 faventem.
478 2119 652 2181 Scribebam
675 2126 783 2202 raptim
807 2131 837 2183 et
860 2123 983 2182 aliarum
1006 2138 1108 2181 rerum

87 2218 181 2290 utque
204 2210 380 2288 migrationi
402 2226 462 2269 uon
485 2209 672 2290 incumbens,
695 2212 748 2272 sed
770 2213 921 2271 insistens.

131 2309 447 2401 (Heidelbergae),
470 2316 519 2377 die
544 2313 595 2378 19.
614 2317 713 2378 Martii
733 2315 828 2380 1596.

87 2547 128 2608 Ge
165 2457 457 2608 {quamplurimum
490 2460 649 2521 candidum
676 2461 749 2521 illud
780 2468 809 2521 et
839 2458 989 2520 eruditum
1021 2464 1111 2537 caput

129 2550 227 2608 nt''.

232 2786 286 2857 42.
318 2789 344 2859 Ι.
368 2789 526 2873 Gruterus
551 2791 821 2861 d.Ritter·sl1usio
846 2792 907 2861 sal.
924 2793 971 2881 pl.

87 2930 358 3001 Heidelbergue.
802 2938 843 2987 10.
864 2931 941 3000 Sept.
960 2933 1053 3002 (1696)
1063 2931 1111 2988 ²⁶⁷.

159 3026 241 3087 Tuas
265 3025 347 3087 datas
370 3026 432 3088 Kal.
455 3029 580 3108 Augusti
604 3030 662 3089 line
686 3031 750 3089 eius
770 3029 889 3090 demum
913 3029 1022 3107 recepi,
1045 3034 1109 3088 tum

90 3116 172 3197 quod
208 3115 324 3176 tardius
360 3115 446 3195 plane
484 3126 603 3178 curatae
637 3118 775 3201 luissent,
812 3126 875 3178 tum
907 3117 996 3176 etiam
1029 3117 1108 3195 quod

89 3224 145 3285 ego
176 3204 332 3266 octiduum
359 3212 453 3266 totum
482 3205 634 3268 abluerem
663 3209 694 3266 iu
722 3205 1012 3287 peregrinatiuucula
1041 3225 1108 3267 cum

89 3312 198 3356 socero
227 3311 294 3354 meo
319 3287 398 3378 ..*)
444 3295 547 3374 ltaque
580 3298 713 3375 quamvis
744 3296 939 3357 libentissime
971 3298 1109 3375 petitioni

161 3486 190 3555 *)
210 3482 326 3537 Lacuna
344 3484 374 3536 in
393 3483 469 3549 cod.;
498 3485 619 3538 fortusse
639 3481 728 3552 patris
752 3483 892 3539 secundae
912 3483 1025 3540 Gruteri
1043 3499 1112 3540 con·

83 3555 163 3628 iugis
182 3570 289 3610 nomen
308 3552 421 3612 excidii.
