2400 3966
541 177 679 248 epistolae

234 373 291 444 73.
326 376 364 446 Η.
390 376 618 465 dhederingus
641 379 710 448 Nic.
734 378 970 448 Ritterslrusio.

83 500 363 568 Heidelbergae.
918 510 943 556 2.
962 503 1021 557 lan.
1039 509 1117 558 1618.

145 597 363 658 Ornatissimo
387 603 475 674 atque
503 596 677 657 doctissimo
700 597 753 657 lin.
774 597 894 658 Nicolao
916 597 1117 659 Rittershusio

84 687 130 748 SS.
154 687 221 747 LL.
248 685 362 746 cultori
386 684 591 768 solertissimo,
615 689 709 747 amico
734 687 959 748 iucundissimo.
1004 687 1117 749 dltorli.

147 775 363 836 ornatissime
400 773 453 834 lin.
491 773 625 857 Nicolae,
667 778 761 835 amice
802 775 904 837 multis
946 777 1117 838 nominihus

85 862 264 926 carissime!

147 953 215 1014 Pro
240 953 399 1033 temporis,
423 970 480 1030 quo
504 952 576 1013 haec
599 953 811 1014 tibi-tradetur
834 955 968 1036 epistola,
991 956 1116 1016 diversi-

85 1052 157 1125 tate,
190 1044 237 1103 sit
260 1040 319 1101 tihi
342 1043 374 1101 in
397 1041 453 1101 hoc
476 1042 598 1102 exordio
626 1041 672 1102 vel
696 1042 792 1103 bonus
815 1061 923 1122 vesper
950 1043 996 1103 vel
1019 1045 1115 1106 honus

87 1152 158 1194 cras.
215 1130 279 1191 Sed
307 1131 368 1190 nisi
399 1148 446 1190 me
479 1133 650 1192 coniectura
683 1131 769 1210 fallit,
802 1134 886 1209 prius
915 1135 972 1192 erit
1002 1152 1115 1194 verum.

86 1222 162 1302 Ergo
174 1221 337 1301 posterius
352 1219 467 1279 falsum.
496 1219 715 1299 Consequentia
734 1219 811 1279 valet
825 1220 993 1280 conditione
1009 1225 1114 1300 posita.

86 1311 201 1373 Verum
226 1311 323 1388 igitur
342 1316 441 1368 manet
459 1328 571 1389 verum,
591 1312 668 1369 sicut
688 1317 751 1369 erat
770 1311 800 1367 in
819 1310 966 1387 principio
986 1317 1016 1368 et
1035 1327 1114 1370 nuno

87 1410 114 1462 et
136 1417 278 1479 semper.
324 1396 377 1457 llis
405 1399 446 1457 ita
473 1400 659 1477 praemissis:
692 1398 724 1458 Si
748 1397 840 1476 vales
867 1396 943 1457 hene
973 1404 1030 1478 cst,
1060 1416 1114 1475 ego

86 1490 181 1570 valeo,
207 1490 295 1549 iuxta
316 1485 390 1547 illud
412 1493 511 1548 vetus:
535 1487 634 1547 Siris
658 1487 813 1547 comedere
837 1504 962 1566 mecum,
986 1504 1019 1546 os
1038 1486 1114 1547 hene

86 1581 128 1640 ier
152 1586 278 1657 tecum,
306 1594 374 1635 man
396 1575 500 1635 komht
528 1583 612 1637 sonst
642 1595 678 1637 zu
702 1576 795 1636 kurtz.
843 1576 924 1657 Scio,
952 1576 1030 1655 quod
1058 1576 1114 1636 hoc

86 1671 181 1748 seim,
211 1683 272 1726 nec
297 1667 365 1744 quia
389 1665 425 1725 de
448 1664 499 1724 illo
523 1664 640 1745 dubito,
668 1666 720 1724 scd
745 1669 814 1745 quia
838 1684 902 1725 mos
931 1673 977 1725 est
1006 1668 1047 1726 ita
1071 1665 1114 1726 di·

86 1757 196 1837 cendi,
231 1754 308 1814 dico.
353 1753 391 1814 Et
418 1753 484 1814 dico
513 1755 634 1833 quidem
660 1754 733 1814 hacc
763 1754 845 1836 talia,
878 1757 947 1834 quia
969 1754 1114 1816 habemus

86 1849 145 1906 iam
176 1846 251 1904 vina
279 1842 435 1904 candentia
462 1842 552 1924 bona,
587 1851 655 1903 sunt
687 1842 773 1903 nobis
806 1846 888 1904 mitia
921 1863 1021 1926 poma3
1053 1863 1114 1905 non

35 2000 37 2011 ,
86 1943 191 1997 autem
225 1931 315 1992 nohis
348 1938 477 2013 tantum,
515 1933 567 1993 sed
600 1940 629 1992 et
667 1932 732 1992 aliis
765 1935 991 2014 post-rusticis,
1024 1934 1113 1994 nach-

87 2025 216 2086 bauren.
265 2020 340 2081 Nam
371 2024 473 2082 vinum
504 2024 607 2082 vinum
638 2029 706 2101 post
737 2021 896 2082 Martinum
935 2022 1009 2083 solet
1046 2041 1112 2082 esse

87 2114 215 2193 bonum,
239 2117 270 2171 et
294 2119 392 2171 cetera
414 2112 620 2171 miteinander.
660 2110 722 2190 Ego
743 2111 863 2190 quidem
885 2111 959 2170 mihi
977 2114 1113 2189 persuasi

88 2213 117 2263 te
142 2201 183 2262 ad
208 2218 266 2261 nos
290 2218 357 2260 cum
381 2218 505 2280 corpore
529 2209 559 2260 et
581 2203 678 2260 anima
701 2207 872 2278 venturum,
903 2199 1021 2277 quando
1045 2218 1113 2260 curn

87 2293 202 2353 litteris
227 2291 287 2350 tuis
311 2289 445 2349 tamdiu
474 2307 576 2348 nrancs
600 2307 635 2348 ex
659 2307 755 2368 neque
784 2287 943 2348 comitibus
971 2289 1031 2346 tuis
1060 2287 1112 2346 ali-

88 2379 213 2461 quando
242 2381 286 2438 sio
314 2378 401 2438 dictis
430 2371 504 2461 (non
530 2382 628 2438 tamen
651 2370 806 2459 Palatinis)
835 2393 928 2437 unum
957 2375 1113 2435 verbulum

89 2469 202 2531 scribis
227 2474 278 2528 aut
301 2485 334 2527 os
357 2467 482 2546 largiris
528 2465 702 2546 Pudente,
731 2467 773 2525 mi
792 2465 845 2524 lin.
865 2463 994 2545 Nicolae,
1018 2470 1047 2524 te
1071 2466 1112 2525 ita

88 2559 180 2620 nobis
203 2559 264 2617 iam
282 2559 448 2636 posteriora
466 2555 609 2636 analytica
629 2554 795 2635 ostendere,
819 2572 887 2615 cum
906 2561 991 2614 antea
1012 2552 1108 2614 honus

88 2655 196 2709 noster
221 2648 319 2706 socius
343 2646 444 2705 lucris
489 2645 532 2705 lta
559 2646 647 2705 hodie
676 2645 721 2704 nt:
755 2646 806 2722 qui
833 2645 915 2704 venit
943 2662 979 2703 ex
1008 2643 1111 2725 oculis

90 2756 162 2798 mox
186 2737 277 2795 etiam
300 2753 336 2794 ex
359 2734 448 2795 corde
472 2734 593 2795 alterius
618 2734 704 2795 cadit.
750 2732 807 2793 llas
837 2732 895 2792 diis
923 2733 976 2792 das
999 2752 1111 2795 uasser

90 2824 237 2904 anzimde,
261 2824 370 2884 schnee
393 2823 568 2905 verbrenne‚
592 2823 645 2883 der
667 2823 744 2882 haan
762 2821 864 2902 hacke,
888 2828 942 2883 etc.
963 2829 1017 2880 eto.
1053 2821 1110 2881 Sed

90 2915 166 2975 haec
194 2932 255 2974 non
282 2913 392 2973 hahent
419 2912 545 2973 multum
573 2913 609 2972 ad
645 2912 826 2992 significare3
859 2913 971 2989 poteris
1004 2916 1034 2969 te
1062 2910 1111 2970 hic

91 3001 253 3082 aliquando
277 3020 414 3082 purgare,
436 3004 495 3061 nisi
518 3004 642 3062 materia
665 3003 779 3079 peccati
802 3002 928 3060 nimium
952 2998 1111 3059 adhaereat

91 3101 121 3154 et
145 3091 242 3153 adhuc
265 3108 371 3151 recens
395 3094 445 3151 sit:
468 3098 532 3151 tum
555 3093 635 3151 enim
659 3089 802 3149 diabolice
823 3087 945 3148 sordere
965 3085 1049 3168 solet,
1074 3106 1110 3148 ex

90 3180 278 3242 medicorum
302 3183 448 3241 sententia
476 3187 506 3240 et
533 3182 598 3260 ipsa
621 3180 813 3259 experientia.
859 3176 933 3237 lllud
957 3194 1027 3236 vero
1050 3195 1111 3236 non

89 3273 204 3352 patitur
227 3288 259 3330 se
279 3271 427 3350 excusari,
451 3269 529 3348 quod
549 3268 645 3331 (deses
663 3276 730 3329 tuas
749 3267 786 3327 de
805 3268 924 3328 iniuriis
943 3265 1017 3325 mihi
1036 3284 1110 3326 non-

89 3361 163 3421 dum
187 3361 322 3439 miseris3
350 3358 426 3419 forte
449 3357 595 3420 aOeoria
617 3359 653 3418 ad
678 3359 782 3437 praxin
806 3375 874 3417 mox
894 3354 1001 3416 saltare
1025 3357 1110 3434 cupis

90 3458 122 3510 et
144 3451 242 3528 ipsam
264 3448 405 3507 iniuriam
428 3449 460 3508 in
482 3466 529 3508 me
553 3466 702 3508 exercere.
754 3447 851 3506 Nolim
874 3455 903 3506 te
927 3445 983 3505 hoc
1006 3443 1110 3505 iubere

91 3545 145 3600 aut
166 3536 223 3597 tibi
246 3535 384 3618 suadere3
413 3537 516 3616 Spirae
540 3537 672 3598 nondum
697 3536 793 3615 luisti,
822 3555 896 3614 quae
920 3533 994 3594 mihi
1016 3550 1109 3612 prope
1128 3606 1131 3613 μ

914 3634 948 3688 7*
1124 3632 1131 3644 ⁴
